3316 4582
351 216 628 308 Drssmuarro
657 241 710 306 nu
739 223 916 306 Nuruurs
947 222 1271 308 Courouurrms.
1358 237 1410 329 57

234 450 237 456 ,
275 367 342 453 Ab
367 371 487 453 altera
513 393 622 485 parte
647 377 708 453 vir
731 365 971 480 ‚conspicitur
996 377 1036 452 iu
1062 371 1244 483 quadriga
1271 371 1416 457 dextra
1476 398 1480 408 ¹

218 481 428 595 flagellum
452 512 543 567 cum
561 487 720 566 Corona
737 504 898 576 tenens,
928 479 1025 564 laeva
1041 481 1237 578 Palmam,
1264 489 1402 600 Capita
1463 546 1465 549 ψ
1576 548 1579 555 .

221 620 412 703 equorum
430 597 577 680 Palmae
598 603 692 677 item
704 616 871 688 ornant,
890 591 1167 677 &Lemniscus
1184 621 1233 677 ex
1250 596 1402 682 duobus

220 714 316 790 item
345 707 488 790 Palmae
510 716 626 791 ramis
651 715 692 789 in
708 711 890 790 inferiore
915 729 1027 819 parte
1053 703 1296 818 conspicitur.
1354 717 1400 802 Iu

218 825 382 924 circuitu
397 820 537 932 legitur
553 821 908 902 EUTHYMIUS.
1216 908 1220 915 ,

237 1020 240 1029 ,
274 934 419 1014 Omnia
444 935 530 1015 haec
560 962 678 1015 manu
703 932 851 1016 ducunt
873 956 948 1015 nos
977 933 1027 1016 ad
1052 927 1279 1016 immensum
1305 927 1402 1023 illud

217 1046 411 1156 aurigandi
428 1047 613 1141 studium,
645 1074 726 1155 quo
754 1044 953 1154 quondam
970 1043 1111 1157 abipsa
1124 1052 1334 1148 juventute
1352 1046 1401 1130 ad

215 1155 396 1244 insaniam
422 1159 540 1268 usque
571 1157 749 1271 flagravit
764 1155 907 1254 Nero,
934 1153 1071 1240 slmilis
1094 1157 1245 1270 prorsus
1262 1155 1399 1240 descri-

212 1276 339 1380 ptioui
350 1268 406 1350 illi
416 1301 532 1381 quam
542 1271 706 1352 Vitellii
726 1275 820 1352 facit
828 1268 1006 1366 Tacitus,
1019 1270 1121 1353 Hist.
1129 1268 1216 1353 Lib.
1231 1273 1357 1352 11.Ca
1386 1331 1396 1365 ,
1499 1311 1501 1315 ⁷

213 1409 414 1466 uxxxvrr.
474 1381 809 1495 Aggregobantur
827 1411 847 1462 e
857 1382 1001 1492 plebe,
1017 1381 1318 1496 ¹flagitiosa-uer
1334 1297 1398 1466 ol-

204 1495 350 1603 sequia
368 1495 537 1575 Vitellio
556 1495 722 1608 cogniti,
759 1500 940 1602 scurra,
972 1492 1198 1602 histriones,
1228 1496 1394 1609 aurugo,

212 1604 358 1801 guitur
375 1605 447 1686 ille
479 1608 749 1689 amicitiarum
776 1606 1119 1715 dehonestamentis
1134 1609 1236 1689 mire
1246 1607 1394 1722 gaude·
1474 1703 1478 1711 ⁸

237 1734 294 1797 at.
353 1720 478 1826 Quod
501 1720 660 1828 quidem
694 1719 749 1802 illi
784 1721 951 1804 studium
975 1719 1080 1830 quasr
1108 1722 1393 1807 haereditarium
1527 1744 1529 1749 ’

210 1825 322 1932 luille
339 1832 506 1914 uidetur.
558 1835 676 1930 ,Avus
694 1841 797 1916 enim
815 1841 898 1935 ejus
917 1834 1150 1927 Domitius,
1179 1832 1283 1916 illius
1301 1834 1391 1919 Do-

210 1939 347 2036 mitii,
379 1951 446 2052 qui
466 1943 596 2024 Bruti
612 1968 729 2055 atque
744 1945 861 2051 Caffii
876 1954 1062 2057 partes-in
1078 1943 1186 2027 Bello
1199 1944 1319 2029 Civili
1336 1946 1391 2030 se-
1462 2025 1464 2030 ,

210 2077 323 2136 cutus
341 2059 498 2161 firerat,
519 2056 641 2156 filius,
673 2066 775 2140 inter
801 2065 948 2140 amicos
975 2059 1174 2166 quondam
1198 2054 1387 2169 Augusti,

209 2193 232 2245 a
260 2163 442 2248 Suetonio
469 2176 510 2250 in
530 2169 643 2274 hujus
660 2167 838 2251 Neronis
854 2173 967 2264 Vita,
1000 2171 1100 2281 Cap.
1124 2197 1184 2252 ιν.
1213 2196 1287 2250 uon
1314 2170 1388 2248 mi-

206 2304 281 2359 nus
298 2280 510 2391 aurigandi
527 2298 619 2363 arte
631 2283 679 2363 ⁴in
697 2280 970 2389 adolescentia,
993 2308 1109 2391 quam
1119 2279 1257 2362 deiude
1273 2307 1388 2362 orua-

206 2392 352 2470 mentir
376 2391 418 2472 T
411 2392 702 2502 riumphalibus
738 2422 790 2475 ou
828 2399 1063 2479 Germanico
1098 2393 1214 2475 Bello
1250 2394 1387 2475 clarus

205 2499 317 2583 fuille
334 2505 507 2588 traditur.
555 2513 700 2615 vItaque
716 2506 845 2589 noster
862 2531 1045 2616 equorum
1049 2503 1180 2613 studio
1198 2508 1384 2616 volpta-

207 2613 320 2720 cipue
345 2614 394 2694 ab
421 2617 581 2697 ineunte
605 2634 726 2700 atate
740 2617 947 2731 flagravit
965 2650 979 2696 .·
1007 2619 1286 2729 plurimusque
1312 2619 1382 2701 illi

196 2726 350 2830 firmo,
382 2755 615 2838 quamquam
633 2736 869 2825 vetaretur,
900 2728 1198 2837 deCirceustbus
1214 2731 1383 2827 eron&

205 2836 398 2948 quondam
415 2845 590 2924 truttam
602 2841 798 2928 Prasmum
815 2843 1052 2954 agitatorem
1070 2845 1179 2925 inter
1196 2843 1381 2950 condisci-

194 2952 318 3059 pulos
337 2979 525 3062 querens,
554 2954 788 3070 objurgante
806 2955 1044 3069 Padagogm
1076 2954 1123 3038 de
1141 2960 1318 3039 Hectore
1331 2961 1382 3063 ¹se

202 3062 314 3176 loqui
330 3066 543 3148 ementitus
559 3065 621 3174 est
679 3072 764 3151 Nec
779 3067 904 3153 studio
923 3074 1199 3179 Aurigationis·
1216 3091 1380 3153 conten·

202 3196 287 3271 tus‚
316 3175 494 3291 publicus
512 3180 650 3263 artifex
668 3180 798 3263 haberi
809 3180 962 3274 voluit,
992 3180 1096 3263 unde
1127 3182 1222 3292 Cap.
1237 3181 1382 3276 eodem

202 3282 354 3392 subjicit
380 3291 484 3375 idern
508 3295 662 3377 Aut'ro’r
677 3321 692 3373 .·
720 3294 826 3376 Mox
853 3292 995 3403 &istst
1011 3293 1228 3407 aurigare,
1258 3313 1381 3407 atque

202 3402 324 3482 etiam
333 3403 515 3512 spectari
532 3406 666 3488 voluit
673 3407 838 3516 sapim.-
865 3430 984 3516 atque
1001 3405 1178 3520 exempla
1195 3407 1285 3489 dein
1296 3412 1377 3486 Au·-

199 3523 400 3702 rrgationis
412 3526 501 3623 ejus
519 3527 561 3603 in
571 3517 681 3602 Urbe
698 3518 743 3602 &
764 3525 988 3605 Provincias
1006 3521 1123 3603 addit.
1182 3516 1300 3596 Unde
1319 3522 1377 3595 ni-

200 3621 243 3706 hi
277 3634 436 3719 mirum,
456 3628 485 3712 sr
506 3630 700 3715 amilitari
718 3639 825 3727 viro,
846 3654 965 3742 quem
980 3639 1080 3716 mori
1092 3625 1271 3731 jufferat,
1304 3623 1377 3707 Su·
1488 3709 1489 3712 γ

194 3730 287 3819 orio
303 3731 475 3836 Flavio,
505 3771 701 3853 quemque
715 3752 1048 3855 interrogaverat,
1081 3735 1220 3848 quibus
1245 3739 1380 3829 cauffis

1331 3846 1379 3936 ad
