3316 4582
337 200 617 304 Dissunrnrio
646 243 698 295 nn
727 201 901 296 Nuntius
928 214 1255 300 Courouuiaris.
1348 217 1397 301 8‘1

211 372 292 461 suas
319 377 421 461 aedes
448 373 595 469 habet,
626 369 931 464 virenbroema
970 375 1071 485 apud
1097 404 1214 483 quem
1241 385 1282 459 in
1308 377 1392 492 pul.

209 493 402 574 cherrimo
422 489 605 582 Malao,
636 495 764 568 omnis
789 491 941 598 generis
959 488 1250 594 Antiquitatum
1276 516 1389 574 oma-
1476 512 1477 515 ’
1539 565 1542 569 ,

208 605 375 698 tiffimo,
407 625 526 711 atque
546 598 827 682 instiudilsima
845 598 1127 694 Pinacotheca,
1158 600 1319 685 studiose
1336 604 1390 687 as·

210 715 450 912 scr{aerlllllur
465 838 507 911 in
523 834 649 941 priino
669 824 847 920 illorum,
878 823 926 909 ab
945 825 1062 910 altera
1086 853 1194 940 parre
1212 824 1390 911 Neronis
1588 829 1604 870 ’·

212 943 571 1055 caputlaureatum,
603 969 693 1024 curn
712 942 853 1052 Epigra-
879 941 929 1022 he
951 939 1006 1020 N
1008 941 1051 1021 E
1059 942 1160 1022 RO.
1190 937 1228 1022 C
1232 937 1389 1023 LAv-
1494 973 1497 981 ’

211 1054 392 1139 DIVS.
431 1052 829 1139 CAES.AVG.G
891 1051 1006 1134 RM.
1037 1051 1389 1138 P.M.TR.P,
1494 1089 1496 1093 ¹

210 1167 242 1248 I
246 1169 306 1250 M
307 1167 356 1252 P.
386 1170 441 1252 P.
472 1169 527 1251 P.
556 1198 578 1252 e
597 1177 756 1281 regione
772 1170 914 1247 frontis
932 1165 1114 1249 consucta
1131 1170 1237 1250 Nota
1264 1193 1312 1249 ex
1331 1167 1386 1249 P.

117 1305 121 1312 ·
209 1279 325 1363 &E
355 1280 547 1375 conflata,
583 1280 759 1391 impressa
777 1287 957 1362 cernitur.

265 1392 331 1477 Ab
350 1396 468 1477 altera
487 1416 595 1504 parte
617 1398 751 1503 Figura
769 1391 891 1473 virilis
910 1399 999 1501 citis
1018 1390 1154 1476 insistit
1169 1393 1385 1507 quadrigiS,
1495 1470 1497 1474 ,

208 1506 346 1589 dextra
380 1504 622 1615 Flagellum,
654 1507 752 1586 laeva
780 1501 979 1587 Coronam
1004 1528 1173 1603 tenens,
1205 1531 1295 1598 cuni
1322 1514 1386 1588 ln·

208 1621 416 1728 scriptione
441 1613 583 1696 OLV
586 1615 644 1695 M
649 1615 731 1697 PI
754 1613 808 1693 N
809 1614 838 1694 I
842 1615 889 1694 K
893 1617 946 1697 A.

269 1733 473 1837 Quantum
492 1755 539 1809 ex
557 1733 707 1809 ratione
724 1724 879 1808 fabricae
898 1730 1109 1812 existimare
1126 1729 1239 1824 licet,
1271 1729 1388 1813 hosce

211 1846 405 1926 Nummos
431 1830 498 1923 sub
535 1829 841 1954 Imperatoiibus'
859 1835 968 1924 cusos
994 1844 1131 1945 judico
1155 1852 1239 1946 jam
1268 1841 1386 1926 Chri-
1531 1884 1535 1894 ·
1586 1842 1589 1850 “

199 1953 368 2062 stianis,
401 1977 447 2037 ur
464 1955 658 2048 rudiores,
689 1953 734 2037 &
752 1954 857 2035 hunc
874 1954 1042 2061 quidem·
1057 1955 1121 2037 sub
1140 1953 1387 2060 Constantina

211 2068 383 2179 Magno,
415 2065 593 2179 impulsus
619 2064 865 2148 similitudine
893 2073 1061 2146 nominis
1089 2066 1296 2173 Olympii,
1329 2074 1385 2145 ita

211 2176 1385 2406 ririiiii,llillliit‘llzmliin

210 2403 413 2497 differens,
443 2428 487 2485 ut
504 2402 700 2507 stanssine
718 2403 941 2514 quadriga,
974 2429 1046 2512 pro
1065 2404 1223 2483 Corona
1248 2423 1387 2507 tenens
1516 2453 1518 2456 ι
1559 2380 1562 2385 ’

212 2513 514 2626 Palmam,galea
527 2512 1251 2629 praeterea&militarihabituornatus,
1264 2540 1385 2621 quum
1424 2587 1428 2590 .

211 2628 339 2708 noster
367 2629 578 2740 Quadriga
605 2626 777 2709 insistens
804 2628 928 2710 nudus
959 2645 1164 2738 appareat,
1196 2649 1385 2735 quantum

100 2822 103 2825 .
212 2738 370 2848 quidem
387 2765 435 2820 ex
455 2742 615 2821 Nummi
632 2738 892 2821 delineatione
910 2738 1141 2850 cognoscere
1156 2737 1385 2832 licuit,non

209 2851 349 2945 aliter,
391 2879 508 2960 quam
532 2856 689 2934 inferius
714 2879 872 2961 quoque
898 2860 939 2932 in
967 2849 1386 2955 Patiaiaao'ejusdem

211 2962 455 3071 Constantini
473 2963 633 3045 Athleta
648 2960 785 3070 vrfirs
798 2964 924 3047 undu‘s
940 2954 1052 3074 plane
1069 2962 1381 3076 representatur,

209 3103 320 3159 more
361 3075 507 3159 scilicet
539 3081 748 3170 Heroum,
786 3074 831 3158 &
876 3097 1028 3162 tantum
1063 3105 1147 3161 non
1184 3075 1394 3185 Semideoffi¹

209 3219 306 3272 rum.
631 3243 633 3247 -

264 3309 326 3384 De
345 3293 521 3411 olimpii
538 3309 669 3390 autem
685 3308 846 3387 nomine
863 3302 953 3389 vide
969 3329 1058 3416 quae
1075 3303 1125 3390 ad
1142 3300 1388 3416 Constantini-

210 3414 432 3500 Nummum
458 3414 705 3528 scripsimus,
730 3417 849 3527 iisque
873 3417 971 3519 adde
996 3417 1197 3500 Neronem
1225 3416 1392 3528 quidem

183 3528 471 3637 plurifariam
487 3531 711 3643 aurigaffe,
752 3529 894 3612 OLY
896 3531 948 3614 M
953 3530 1035 3613 Pi
1039 3530 1069 3612 I
1074 3529 1109 3613 S
1134 3555 1232 3629 vera
1258 3523 1380 3605 etiam

210 3639 489 3750 decemjugem:
546 3644 706 3724 uamvis
730 3640 778 3721 id
788 3644 913 3750 ipstrm
941 3643 983 3722 ir
1000 3644 1110 3754 Rege
1126 3632 1381 3729 Mithridate,

211 3750 396 3837 Carmine
421 3776 474 3863 qa
520 3781 583 3835 am
598 3757 673 3860 stro
706 3751 1022 3864 rqrreheadiffm.
1080 3746 1164 3833 Sed
1190 3751 1385 3852 excufflim
1524 3787 1533 3807 ·

1009 3866 1046 3944 L
1300 3885 1391 3943 cur·
