3316 4582
221 245 258 327 4.
367 203 759 291 srermrr
815 188 1314 305 Huvuucuruur¹

87 357 95 365 ⁵
161 406 165 417 =
224 367 438 461 tellesturn.
497 369 544 443 In
562 382 788 472 quoutrum
805 391 898 448 vera
920 391 969 446 an
987 361 1219 447 verosimilia
1236 365 1424 449 divinam-

227 485 281 566 do
309 477 424 562 srmus
450 471 630 570 assecuti,
655 473 848 583 judicium
867 504 985 592 penes
1002 478 1242 579 Benevolum
1271 475 1317 560 srt
1341 484 1424 562 Le·-

228 593 400 686 Ctorem(
1479 675 1481 679 ,

286 708 431 787 Prioris
447 700 693 786 Numilinatis
711 697 738 784 fi
756 698 860 784 bene
887 700 1102 786 successerit
1124 710 1423 839 interprptatiot.

231 820 282 904 de
302 817 519 899 Posteriore
545 822 675 898 minus
695 811 974 911 laborabimus,
1004 815 1093 898 luce
1120 824 1224 900 enirn
1241 816 1342 900 illius
1359 817 1417 899 ul-

232 955 297 1016 tro
316 926 519 1012 clarescere
537 934 708 1039 incipiet.

298 1050 345 1125 Iu
363 1047 495 1123 Primo
524 1048 657 1151 itaque
682 1039 862 1153 expressa
880 1048 1071 1154 cernimus
1096 1039 1143 1124 ab
1171 1039 1288 1123 altera
1310 1065 1421 1155 parte

233 1159 313 1241 duo
333 1157 471 1268 Capita
481 1159 686 1247 Humana,
717 1153 764 1235 ab
780 1155 911 1236 altera.
928 1183 1074 1237 novem
1101 1163 1235 1236 icones
1254 1152 1332 1237 srve
1349 1157 1421 1239 ho,-

233 1279 385 1355 minum
403 1265 482 1381 sive
498 1265 731 1348 animalium.
790 1271 892 1348 Haec
910 1268 1070 1376 quidem
1095 1264 1240 1380 singula
1266 1295 1420 1351 accura-

235 1392 313 1468 tius
329 1378 443 1462 nobis
458 1377 523 1460 ins
540 1377 690 1460 icienda
707 1386 870 1461 veniunt
887 1377 932 1462 &
950 1377 1237 1463 consideranda.

293 1493 483 1604 Singulari
500 1407 604 1584 sime,
620 1489 665 1574 &
685 1490 790 1600 quali
808 1490 979 1604 nuspiam
996 1493 1127 1576 videre
1146 1499 1334 1604 contigit,
1355 1491 1421 1572 ha-

235 1605 320 1689 bitu
345 1604 479 1687 cadem
498 1606 634 1716 Capita
652 1612 931 1716 exprimuntur.
986 1606 1087 1689 Illud
1104 1606 1283 1715 quidem,
1315 1604 1432 1713 quod·

236 1719 287 1805 ad
304 1717 479 1800 dextram
501 1715 555 1798 est
571 1738 718 1828 partem
737 1715 926 1801 Pileatum
956 1715 1030 1812 est,
1062 1714 1423 1831 Longa-diffluente

236 1829 285 1912 ab
303 1835 476 1913 inferiori
493 1852 602 1940 parte
612 1831 758 1923 Coma,
774 1854 877 1913 retro
897 1828 991 1913 illud
1011 1834 1221 1934 conjuncta
1242 1833 1425 1938 Qratuor

237 1942 422 2027 visuntur-
437 1946 602 2025 Cornua.
661 1940 762 2025 lllud
787 1971 881 2025 vero
910 1944 1018 2052 quod
1045 1943 1094 2029 ad
1118 1941 1303 2024 sinistram
1329 1969 1435 2023 con·-

238 2054 413 2171 spicitur,
445 2050 574 2139 to'tum
590 2052 645 2135 est
661 2054 840 2150 Nudum,
860 2060 1041 2139 Breviore
1059 2053 1234 2168 Capillo,
1249 2052 1424 2143 &nullo

236 2168 353 2283 plane
371 2193 510 2252 ornatu
529 2164 762 2280 insignitum.
805 2175 1029 2252 immaniter
1049 2176 1090 2251 in
1113 2191 1281 2277 utroque
1301 2171 1425 2250 Hian·

236 2290 304 2370 tia.
317 2308 450 2366 cernas
470 2287 553 2373 Ora
578 2284 691 2394 plane
717 2281 766 2364 ad
785 2281 987 2363 horrorem
1014 2278 1259 2393 composrta3
1289 2305 1426 2364 verum
1477 2320 1480 2329 ·

236 2396 372 2479 nescio
399 2396 493 2505 quid
518 2393 636 2508 longe
662 2393 867 2478 terribilius
893 2393 1006 2506 spirat
1033 2394 1198 2492 Nudum!
1216 2391 1340 2488 illud,
1372 2400 1426 2476 ita

196 2554 200 2563 =
238 2513 384 2590 frontis
411 2515 517 2591 iratae
544 2508 827 2591 contrahuntur
857 2535 992 2620 rugae,
1024 2514 1078 2588 ita
1104 2508 1250 2590 ardoris
1279 2512 1428 2587 inimici

238 2619 414 2702 flammas
432 2627 590 2702 intenta.
600 2616 805 2703 oculorum
824 2629 991 2704 minatur
1010 2628 1124 2704 acies.
1182 2624 1325 2717 Laruas
1344 2643 1426 2701 cre.-

237 2725 372 2824 detes,¹
403 2729 543 2838 quibus
571 2737 613 2810 in
629 2730 741 2813 scena
758 2729 848 2815 visis
874 2740 999 2815 territi
1027 2730 1231 2845 diffirgiant
1249 2731 1426 2843 pueruli,
1501 2742 1504 2749 ’

237 2843 288 2932 &
303 2872 386 2927 non
403 2840 482 2925 fine
501 2842 659 2925 abortus
683 2841 856 2956 periculo
885 2844 1056 2956 spesteut
1083 2850 1282 2939 foeminae,
1314 2867 1430 2957 prout

238 2956 336 3042 olim
355 2953 534 3043 accidisse
552 2956 731 3051 tradunt,
763 2985 883 3066 quum
900 2964 1045 3068 primus
1062 2955 1305 3068 personarum
1323 2956 1430 3040 usum

235 3077 281 3155 'in
294 3071 511 3181 Theatrum
529 3068 747 3152 introduxit
762 3067 1002 3177 AEschylus‚
1034 3067 1078 3153 &
1097 3067 1334 3182 serpentibus
1359 3069 1433 3150 suis

240 3182 464 3264 Furiarum
483 3211 551 3264 ora
569 3181 727 3267 horrere
744 3185 849 3264 fecit.
889 3187 1035 3266 Verum
1054 3209 1126 3295 ego
1150 3205 1238 3262 toto
1258 3183 1335 3262 hoc
1352 3181 1431 3263 sce.-

238 3317 345 3379 mate.
358 3301 537 3405 AEnigma
554 3293 668 3382 nobis
685 3292 942 3407 repraesentari
961 3317 1057 3405 puto
1078 3301 1225 3376 Summi
1243 3300 1285 3375 in
1295 3296 1432 3374 Terris
1449 3301 1452 3305 ⁴

238 3405 426 3523 Imperii,
477 3406 586 3514 quod
612 3433 680 3520 per
707 3433 861 3519 rapaces
895 3408 1075 3490 homines
1104 3415 1145 3489 in
1163 3429 1329 3515 quatuor
1356 3403 1435 3486 istis

240 3522 454 3611 decantatis
469 3519 736 3613 Monarchiis,
750 3516 1020 3601 Chaldaeorum
1033 3584 1042 3614 ‚
1055 3519 1297 3624 Perstzrum,
1320 3517 1434 3629 Gru-

241 3661 395 3728 curum,
426 3631 766 3741 Romanorumque
801 3630 1074 3714 violentissime
1099 3637 1173 3714 fuit
1206 3637 1448 3713 exercitum„

240 3746 524 3840 Nullumcnim
548 3752 590 3830 iu
605 3737 842 3838 Numismate
859 3744 923 3832 vel
941 3742 1217 3862 poossumus,
1230 3743 1337 3855 quod
1354 3772 1438 3827 non
1551 3754 1554 3759 '

661 3884 665 3894 ’
1301 3891 1303 3895 ’
1346 3883 1449 3939 CX&-
