3316 4582
234 246 310 335 128
461 250 746 330 &assensn
803 247 1168 328 Hsvmchss

226 399 412 510 ximeque
432 396 638 510 attingere
643 411 809 505 potero,
842 395 884 482 fib
896 397 1114 507 scriptura
1133 396 1330 510 consequi,
1350 423 1425 479 non
1485 490 1489 497 ,

217 508 550 623 pretermittam.
608 509 683 590 De
706 510 880 589 materia
907 511 1105 620 compacta
1131 508 1230 615 last,
1257 510 1364 591 arca
1382 511 1426 590 in

230 652 278 706 eu
313 651 364 704 cx
399 647 478 703 ere
503 620 720 730 fabricata
749 623 975 704 collocatur.
1033 621 1167 731 Supra
1195 622 1316 729 bastm
1345 624 1423 703 eri-

225 754 383 850 guntur
398 735 548 848 regula
567 733 717 816 dextra
734 762 781 815 ac
788 734 978 844 finistra,
1000 736 1162 842 scalari
1170 738 1310 843 formu
1327 763 1424 817 com-

156 915 164 949 2
220 851 382 961 putta,
433 848 549 930 uibus
565 845 826 929 includuntur
843 850 939 930 arei
954 846 1110 928 modioli
1125 848 1320 955 fundulis
1343 877 1424 929 am-

233 877 473 1044 bulatilibus
501 988 552 1042 cx
570 978 682 1044 torno
701 961 919 1072 stcbtu'liter
937 960 1149 1070 stabactis,
1190 959 1427 1044 habentibus

223 1075 338 1182 fixos
356 1077 398 1157 iu
416 1075 538 1156 medio
546 1078 709 1184 ferreos
718 1101 902 1171 ancones,
916 1076 958 1162 (5
967 1072 1185 1155 verticulis
1201 1100 1288 1154 cum
1298 1076 1425 1159 veat-

236 1189 310 1269 bns
332 1187 576 1296 caedundos,
597 1186 851 1298 pellibusque
877 1187 1030 1269 lanatis
1047 1188 1260 1268 involutos.
1318 1189 1426 1270 Item

237 1303 281 1384 in
296 1303 453 1407 stamma
466 1301 648 1409 planitie
665 1302 891 1407 foramina,
923 1301 1093 1384 circiter
1110 1297 1323 1412 digitorum
1340 1319 1425 1381 ter-

236 1442 352 1507 num,
384 1412 527 1525 quibus
542 1413 814 1518 foraminibus
828 1417 1022 1524 proxime
1049 1413 1091 1494 in
1110 1414 1329 1513 verticulis
1348 1416 1425 1495 col·
1550 1484 1553 1488 ,

238 1527 361 1608 locati
390 1527 486 1607 aerei
510 1523 688 1634 delphini
705 1525 930 1636 pandentia
955 1526 1143 1610 babentes
1160 1527 1313 1608 catenis
1331 1528 1424 1608 cim-

238 1638 332 1721 bala
349 1664 402 1720 ex
420 1664 487 1720 ore
503 1640 619 1746 infra
629 1641 838 1747 foramina
862 1641 1113 1724 modiolorum
1130 1637 1294 1721 chaleta
1311 1640 1426 1721 intra

240 1779 399 1847 arcam,
436 1778 510 1863 quo
526 1752 603 1833 loci
623 1780 730 1864 aqua
747 1752 979 1861 sustinetur.
1036 1752 1142 1863 Inest
1168 1751 1285 1862 inid
1298 1781 1426 1864 genus

239 1866 306 1945 uti
325 1864 617 1973 infundibulum
631 1865 857 1972 incastum,
888 1865 993 1979 quod
1004 1865 1150 1970 subter
1168 1865 1334 1961 taxilli,
1366 1867 1425 1947 al-

240 1978 279 2063 ti
311 1977 480 2060 circiter
497 1976 710 2091 digitorum
738 1995 896 2060 ternum
914 1977 1128 2088 suppositi,
1158 1975 1314 2058 librant
1327 1980 1427 2087 spa-

243 2091 475 2181 tiumimum
486 2159 497 2186 ‚
510 2091 853 2184 imainterlubru‚
867 2091 1048 2206 pbigaeos
1064 2088 1109 2176 {b
1126 2117 1231 2170 area
1239 2086 1426 2196 fundum

242 2203 378 2314 Supra
395 2221 528 2288 autem
546 2205 790 2287 cerviculam
807 2205 895 2315 ejus
920 2217 1190 2317 coagmentata
1205 2203 1347 2283 arcula
1354 2207 1427 2309 flo-
1532 2300 1534 2305 Ι

231 2315 361 2428 stinet
377 2335 499 2429 caput
517 2317 729 2413 machina,
779 2346 837 2401 ua
856 2319 995 2402 Gracc
1023 2330 1121 2401 aanor
1146 2332 1274 2421 peccate
1291 2315 1427 2426 appel·

244 2434 384 2512 latur:
394 2432 436 2514 in
447 2347 1050 2626 cennsbngienobnecanatesst
1060 2426 1335 2512 tetrachordos
1351 2427 1426 2537 est,

233 2542 350 2651 fiunt
366 2562 538 2656 quatuor
550 2612 560 2642 ‚
567 2544 615 2650 st
650 2543 889 2628 enucbordos
901 2549 993 2654 ,fex
1005 2541 1064 2651 3fi
1072 2539 1315 2627 octochordae
1331 2545 1428 2642 ablu

246 2657 428 2768 Singulis
443 2675 576 2740 autem
592 2656 964 2773 conalibusstugula
981 2656 1176 2771 epistomia
1183 2661 1286 2766 stent
1303 2658 1446 2739 inclu··

145 2864 147 2868 ¹
237 2771 291 2875 sa
319 2768 543 2851 manubriis
568 2775 728 2879 ferrcus
754 2773 1082 2884 collocata-qua
1109 2771 1318 2854 manubria
1346 2798 1432 2852 cnm

95 2976 99 2983 ⁴
246 2890 520 2994 torquentur,
559 2909 612 2964 en
638 2911 735 2966 arca
750 2887 1012 2995 pateficciunt
1038 2913 1158 2967 nares
1191 2886 1235 2968 iu
1261 2885 1431 2968 canales.

226 3029 227 3036 Ν
248 2992 540 3081 Encanalibus
557 3012 691 3080 autem
707 3023 827 3082 canon
837 2996 957 3081 babet
972 2997 1211 3082 ordinataiu
1221 3001 1430 3105 transuer-

239 3110 512 3215 soforamiua
539 3107 815 3224 respondentia
840 3113 883 3196 iu
919 3111 1117 3209 naribus,
1158 3140 1245 3224 qua
1261 3115 1361 3216 flant
1386 3105 1430 3184 in

249 3216 391 3301 tabula
398 3226 576 3327 stamma,
594 3254 681 3338 quoe
698 3228 839 3309 tabula
853 3218 996 3309 Gsaece
1011 3231 1105 3312 πίναξ
1123 3223 1287 3303 dieitur.
1312 3213 1431 3298 Inter

251 3329 430 3416 tabulam
440 3333 483 3420 {t
499 3362 646 3419 canona
661 3340 808 3449 regula
816 3341 918 3441 stant
934 3331 1183 3443 iuterpoſsta,
1205 3328 1263 3410 ad
1273 3326 1434 3412 eundem

250 3444 402 3531 modum
412 3447 564 3547 forata
591 3446 634 3533 δῦ
655 3449 734 3528 olco
742 3445 942 3554 subalta,
962 3444 1211 3554 utfaciliter
1223 3444 1434 3554 impellan-

252 3577 338 3659 tur,
379 3557 422 3648 Εὖ
447 3561 592 3668 rurstas
618 3558 817 3666 introrfius
842 3556 1109 3654 reducantur,
1139 3585 1227 3672 qua
1244 3557 1435 3641 obturant

251 3675 538 3782 euforamino,
559 3665 873 3788 Pleuritdesqne
889 3675 1142 3782 apellantur,
1163 3699 1332 3785 quarum
1353 3674 1437 3755 itus

254 3782 474 3899 &reditus
501 3788 609 3875 alias
634 3786 826 3888 obturat,
864 3787 972 3874 alius
987 3786 1124 3905 aperit
1139 3787 1438 3982 terebrationgles.

1409 3925 1442 3982 a
