3316 4582
354 211 628 289 Drssnurarro
657 230 710 285 nr
740 204 914 290 NuMMrs
942 210 1266 297 counimus.
1345 219 1374 295 6
1373 240 1397 314 ς

174 406 192 428 =
219 373 318 480 agit,
348 371 510 478 ignem,
547 366 754 473 patiretur
780 369 820 444 in
849 362 1010 459 nostro,
1044 366 1193 453 servari.
1483 402 1499 412 -
1543 456 1546 461 ,

275 481 402 590 Negat
429 475 630 557 Baliarius
648 476 696 560 ad
714 473 892 557 Neronis
908 504 970 561 res
990 481 1201 590 quidquam
1258 490 1399 566 ertine·

218 622 281 689 re,
309 591 354 676 δι
370 586 586 703 prolubitu
614 587 828 702 sculptoris
853 590 1074 674 aliorumve
1092 503 1307 705 perculsum
1328 625 1399 709 pu·
1490 593 1492 600 ’

222 728 291 799 tat,
320 709 420 787 Satis
437 701 597 812 quidem
614 725 759 785 temere
773 739 787 800 ς
804 728 878 785 nec
895 705 935 787 id
952 704 1042 786 inde
1061 713 1273 801 evincitur,
1293 709 1402 817 quod

221 816 353 903 similis
372 822 414 897 in
441 815 609 922 Trajauo
637 812 860 900 observetur
876 819 946 927 Ty
974 844 1039 902 us..
1089 822 1156 901 An
1184 846 1277 930 ergo
1306 819 1406 901 nihil·
1513 895 1518 902 .

225 934 280 1035 ad·
293 930 490 1011 Neronem
507 929 723 1010 Confeator
741 933 920 1013 Ferarum
1018 936 1187 1021 Venatio
1213 928 1405 1014 Circensrs

224 1027 411 1159 pertinet,
433 1068 550 1150 quam
567 1040 688 1123 modo
707 1040 894 1137 vidimus
923 1052 1109 1152 quoniam
1127 1052 1167 1127 in
1176 1045 1223 1127 V
1216 1040 1405 1155 espafiaai

225 1163 396 1242 Nummo
416 1154 704 1236 ideml'ervatur
723 1154 896 1265 Typusi·
924 1159 992 1239 An
1021 1159 1211 1240 Vidloriae
1238 1159 1404 1239 Circen-

223 1269 338 1354 ses&
356 1267 568 1378 Qadrigae
585 1264 847 1349 adNeranem
857 1271 991 1350 referri
1007 1299 1090 1352 non
1106 1264 1283 1384 possunt,
1295 1298 1404 1379 quo-

224 1392 330 1467 niam
347 1389 394 1461 in·
408 1376 572 1484 Trats'aui
585 1442 595 1472 ,
608 1377 839 1459 Alexandri
859 1378 1004 1462 Severi
1015 1447 1026 1476 ,
1056 1381 1297 1492 aliorumque
1306 1380 1407 1464 mul·

226 1505 277 1579 tis
295 1491 445 1574 exstant
466 1493 644 1573 Numinis
665 1489 683 1574 2
711 1493 816 1572 Mihi
836 1517 940 1575 certe
956 1523 1039 1578 non
1058 1492 1218 1608 simplici
1236 1496 1285 1578 de
1302 1492 1409 1577 causa
1567 1505 1573 1511 ’

227 1609 277 1690 ad
294 1604 493 1691 Neronem
510 1608 673 1715 Serpens
690 1612 881 1712 pertinere
898 1607 1061 1690 videtur.

212 1771 215 1778 -
285 1715 427 1799 Scribit
445 1712 763 1810 Tacitus,Libro
783 1718 994 1801 Annalium
1013 1749 1076 1801 xr.
1097 1724 1155 1802 Ca
1185 1786 1192 1800 .
1212 1748 1275 1803 xr.
1290 1721 1406 1801 Vul-
1543 1785 1546 1790 .

223 1827 477 1941 gabaturque
496 1825 660 1930 adfuiffe
686 1828 871 1935 infhutia
889 1858 977 1939 qus
993 1831 1128 1915 ‘DIA
1174 1831 1354 1914 ONES
1369 1833 1419 1913 iu

228 1940 380 2025 madum
396 1937 609 2046 custodum,
630 1937 818 2046 fabulastz
839 1942 881 2029 ὅ
901 1944 1084 2027 externis
1104 1945 1316 2051 miraculis
1342 1938 1411 2025 ad·-
1561 1987 1568 1994 ·

222 2053 444 2161 fimulata?
475 2049 585 2132 Nam
616 2053 728 2159 ipse,
760 2051 1065 2168 haudquaquam
1089 2052 1158 2166 sui
1185 2053 1414 2150 detrudar,

232 2164 277 2249 U
288 2165 389 2247 NA
399 2167 449 2246 M
462 2163 567 2246 mado
587 2167 634 2247 A
642 2165 694 2245 N
697 2161 840 2248 GUE
855 2169 902 2249 ru
921 2169 964 2251 iu
981 2167 1154 2250 cubicula
1171 2169 1302 2275 vistim
1322 2195 1415 2248 uar-

232 2299 328 2362 rare
335 2278 484 2386 salitus
501 2275 563 2384 est
610 2275 790 2361 Fabulam
809 2281 911 2363 hanc
929 2291 1070 2396 pariter
1088 2279 1259 2393 agnoscit
1279 2279 1415 2362 Sueto·

236 2393 328 2475 nius
340 2457 350 2486 ,
364 2389 530 2475 scribens
551 2395 694 2480 invita
712 2399 794 2494 ejus
813 2393 913 2507 Cap.
933 2422 996 2479 vt.
1014 2391 1145 2477 missos
1163 2423 1185 2475 a
1202 2394 1424 2497 Meffaliua·

234 2501 493 2617 percussores,
513 2511 581 2612 qui
599 2505 891 2600 meridiantern,
909 2531 952 2589 ut
962 2507 1198 2589 Britannici
1218 2506 1414 2602 aemulum,

234 2617 524 2729 strangularent,
536 2619 806 2698 DRACONE
824 2623 887 2721 (ut
897 2605 1025 2702 fabula
1034 2627 1133 2732 erat)
1145 2619 1187 2699 E
1206 2615 1383 2703 PULV
1376 2618 1421 2700 I·

236 2728 321 2811 ΝΟ
351 2727 433 2810 SE
476 2728 672 2809 PRO-F
675 2728 719 2809 E
728 2731 769 2812 R
781 2728 823 2809 E
831 2728 886 2810 N
887 2730 1004 2828 TE,
1043 2733 1282 2816 conterritos
1301 2736 1418 2842 ,refu-

230 2844 338 2956 giffa.
395 2837 680 2958 Qafhbula,
711 2850 862 2951 inquit,
894 2864 1037 2929 exortu
1064 2845 1145 2951 est,
1176 2843 1421 2952 depreheusts

238 2957 280 3037 iu
316 2956 414 3037 lelio
442 2951 528 3059 ejus
553 2951 702 3035 circum
727 2956 969 3053 cervicalia,
1008 2957 1041 3039 S
1048 2958 1090 3040 E
1098 2958 1312 3041 RPEN
1313 2956 1384 3039 TI
1389 2956 1431 3039 S'

140 3056 146 3067 ⁹
239 3069 476 3171 EXUVIIS.
536 3065 643 3160 Idem
672 3066 716 3151 δε
744 3066 983 3175 Xiphilinus
1010 3094 1156 3163 narrat,
1187 3070 1368 3182 &prodi
1396 3077 1429 3150 ii

239 3182 345 3265 addit
362 3178 688 3293 explicationem
710 3179 826 3259 verba
843 3188 924 3284 ejus
942 3183 1028 3263 haec
1046 3181 1131 3265 sunt
1149 3189 1189 3264 in
1207 3190 1320 3266 initio
1337 3099 1421 3265 dse-

239 3297 349 3376 rouis
365 3321 448 3407 pag.
472 3317 560 3397 157.
582 3290 652 3374 Ed.
672 3295 728 3373 H.
741 3295 784 3382 S.
805 3297 845 3374 in
863 3290 951 3377 Fal,
981 3298 1164 3404 niarium·
1186 3309 1207 3401 ᾗ*
1250 3301 1275 3381 ἔ
1310 3307 1423 3402 κρίνου

240 3434 407 3490 ΛΕΒΗΡΙΣ
423 3418 487 3493 aas)
505 3421 554 3488 alu
582 3417 706 3509 ωὗχᾶνω
722 3425 762 3486 rs
777 3416 931 3515 Nigris&
946 3420 1060 3508 aaudiat
1078 3413 1119 3490 ἔτ’
1144 3416 1243 3495 dur&
1268 3419 1423 3510 {verbalem

240 3536 394 3629 stupidius
411 3551 468 3610 wir
480 3531 611 3626 μάντεσι
635 3531 757 3624 λέγειν,
786 3532 833 3600 ὅτι
851 3528 930 3637 ἰχδν
942 3520 1037 3632 a&
1058 3524 1084 3602 ἔ
1095 3532 1254 3628 pigui&
1271 3522 1428 3619 ulya'ulw

242 3652 385 3744 alderia·
407 3655 509 3730 {auli
530 3656 563 3722 al
578 3661 684 3744 γῆςφς
699 3649 764 3743 2219*
780 3655 873 3723 ταῦθ’
893 3664 918 3722 al
938 3639 1058 3720 ΟΦἘΪΣ
1076 3647 1230 3730 &aditibus
1250 3645 1437 3740 ναμίζονπυ..

245 3767 371 3852 idest.
429 3769 719 3881 Progrediente
739 3790 837 3850 vera
866 3783 1037 3876 tempore
1057 3778 1080 3859 ,’
1094 3772 1269 3873 propter
1295 3765 1437 3957 Epffis
