3316 4582
337 208 613 292 Drsnnrtrto
642 231 696 288 nr
725 205 900 288 Nonius
929 201 1263 289 Couronutntts.
1322 233 1408 312 ¹5³3>

213 362 310 463 '„·mi
324 365 518 447 memoria
526 361 781 473 produntur,
794 362 865 473 qui
874 360 1422 472 gratiamcooporismorum„

214 539 240 577 „
253 475 551 583 honestamentis
582 490 846 568 ornaverunt.
903 470 987 554 Sed
1004 471 1088 556 hac
1114 473 1308 580 definsto,
1350 490 1399 556 ut
1535 499 1536 504 ‘

213 590 343 700 „dixi
364 657 373 686 ,
418 590 763 704 aliqnammultum
780 618 805 671 a
822 614 883 669 me
904 603 1058 682 ,remota
1076 585 1147 695 cst,
1176 588 1265 682 cni,
1286 607 1398 698 pra·

213 767 240 799 „
253 707 473 810 terformae
500 704 832 797 mediocritatem,
864 695 1107 783 continuatio
1132 699 1256 780 etiam
1283 703 1395 783 litte-

213 818 340 912 „ruti
367 817 516 906 laboris
541 845 686 901 omnem
702 818 885 932 gratiam
910 831 1070 925 corpore
1094 810 1297 927 deterget,
1327 813 1397 898 ha·

214 929 469 1026 „bitudincm
485 949 650 1028 tenuat,
672 937 835 1039 stuccum
852 929 1058 1037 eustorbct,
1090 928 1253 1010 colorem
1277 926 1397 1009 oblit-

212 1106 238 1140 „
251 1062 391 1140 terat,
431 1045 608 1160 vigorem
645 1045 847 1127 debilitat.
906 1041 1088 1154 Capillus
1121 1042 1233 1152 ipse,
1282 1067 1396 1154 quem

212 1155 314 1265 „isti
331 1176 469 1269 aperto
486 1156 697 1255 mendacio,
719 1158 776 1240 ad
788 1156 1021 1240 lenocinium
1040 1153 1193 1267 decoris
1205 1220 1215 1249 ,
1222 1156 1398 1265 promis·

211 1273 332 1377 „stum
351 1271 513 1381 diuere,
545 1271 662 1354 vides
681 1300 798 1386 quam
814 1267 957 1376 nonstt
983 1291 1154 1352 amoenus
1179 1295 1227 1350 ac
1252 1268 1400 1350 delica-

208 1447 234 1479 „
247 1401 339 1479 tus,
372 1385 534 1467 horrore
553 1387 752 1496 implexus
769 1403 891 1497 atque
912 1382 1148 1493 impeditus,
1156 1379 1397 1493 stuppeoto-
1432 1431 1436 1441 ·

210 1515 376 1592 „mento
403 1497 622 1604 adstmilis,
657 1497 699 1586 55
727 1500 984 1612 inaequaliter
1010 1495 1168 1592 hirtus,
1201 1494 1243 1582 tt
1265 1497 1397 1610 globo·
1450 1531 1451 1536 ¹

210 1614 336 1714 „ssos,
370 1610 412 1697 si
430 1611 646 1726 congestus,
667 1615 840 1722 prorstos
866 1610 1126 1692 inenodabilis
1152 1608 1312 1691 diutina
1336 1611 1397 1692 in-

209 1786 236 1818 „
249 1723 385 1817 curia,
415 1752 488 1807 non
505 1725 611 1808 modo
626 1724 798 1807 comendi
810 1792 820 1821 ,
842 1723 1075 1835 sedstaltcrn
1101 1721 1396 1833 expediendi&
1536 1749 1538 1756 ·

208 1896 235 1930 ,.,
248 1831 560 1943 discriminandi.
628 1839 744 1923 Adde
786 1836 1060 1922 Elmenhorstii
1100 1835 1234 1921 Vitam
1280 1837 1395 1943 hujus

208 2009 236 2043 „
250 1948 498 2064 Philosophi,
531 1961 573 2035 in
598 1979 675 2063 qua
693 1954 742 2036 de
762 1951 929 2064 eleganti
949 1959 1031 2055 ejus
1049 1954 1185 2033 forma.

208 2143 216 2151 .
262 2062 368 2158 „Ab
385 2065 513 2149 aversa
528 2091 636 2180 parte
655 2073 804 2170 nummi
813 2065 942 2147 Miles·
953 2086 1120 2145 armatus
1131 2061 1393 2172 conspicitur,

201 2178 347 2282 ',‚aedes
365 2179 545 2288 quasdam
563 2176 788 2293 igressurus,
817 2175 1045 2284 cujus'ostio
1071 2183 1145 2258 tria
1168 2180 1294 2290 capita
1323 2183 1395 2258 im·

205 2288 499 2402 „-p0srtasunt,
529 2295 625 2376 mihi
644 2299 894 2406 incognita„
941 2368 945 2385 ‚
1246 2373 1249 2380 .

235 2409 238 2414 ’
260 2402 425 2508 Videtur
444 2412 545 2488 Haec
571 2406 637 2489 ille
657 2408 751 2489 mihi
779 2406 901 2489 Miles
927 2402 1085 2489 essevel
1100 2409 1192 2486 Dux
1212 2398 1330 2514 spolia
1345 2399 1394 2483 ab
1477 2476 1479 2480 ,

203 2513 314 2596 hoste
348 2540 542 2630 reportata
574 2517 850 2613 dedicaturus,
887 2515 1127 2603 describente
1162 2512 1268 2625 quast
1290 2540 1394 2599 'eum

204 2627 285 2711 Vir
311 2626 380 2709 ilio
395 2629 463 2713 sub
480 2631 624 2716 AEnea
641 2633 812 2746 persona,
833 2631 954 2716 Libro
972 2629 1135 2715 AEncid.
1155 2633 1223 2712 lli.
1242 2625 1336 2710 286.

320 2742 406 2935 RbE
443 2743 604 2872 CJAVO
642 2744 958 2832 CLYPEUM
977 2746 1110 2860 magni
1120 2742 1315 2857 gestamen
1331 2739 1392 2824 A·

375 2873 487 2938 antus

260 2964 563 3167 PogTJBvS
603 2969 976 3059 AD'VERSIS
1012 2971 1204 3064 uico,
1238 2969 1280 3056 si
1310 2993 1394 3049 rem

244 3111 247 3114 ’
381 3083 589 3186 armincfi
606 3114 677 3168 no:
1341 3100 1348 3124 ⁶
1380 3150 1382 3156 ,
1568 3148 1572 3156 .

198 3257 201 3264 .
255 3187 488 3282 AENEAS
512 3198 566 3282 H
620 3198 787 3286 CDE
813 3194 1061 3283 DANAIS
1084 3191 1399 3302 VJCTORL

198 3386 204 3397 .
329 3306 452 3393 BUS
477 3307 673 3397 ARMA.
741 3340 744 3344 ·

198 3415 298 3508 Tria
314 3421 380 3505 illa
398 3431 523 3538 capita
539 3427 592 3511 ad
610 3426 778 3512 totidem
796 3431 1057 3541 Imperatores
1083 3424 1269 3542 respicere
1295 3483 1298 3488 -
1327 3440 1391 3505 os·
1559 3518 1562 3528 ,

199 3533 315 3626 sunt,
344 3534 411 3620 sub
436 3536 578 3648 quibus
605 3541 715 3636 hoc,
746 3541 812 3626 vel
841 3542 1076 3656 Templum,
1107 3541 1171 3625 vel
1200 3535 1278 3618 aliu
1331 3531 1388 3616 su-

200 3641 364 3755 perbum
416 3651 625 3738 edificium
676 3635 849 3739 erecturd
893 3654 1095 3765 quondum
1139 3655 1277 3731 fiterit,
1333 3653 1393 3729 lta

196 3764 310 3850 euim
326 3757 423 3848 olim
438 3769 480 3850 iu
496 3764 679 3851 Panthei
697 3766 870 3881 fastigio,
902 3767 1012 3874 quod
1022 3765 1165 3848 'Roma
1182 3760 1311 3959 exstalt¹
1326 3759 1391 3843 ad·

200 3920 230 3943 -·
626 3948 630 3955 r
893 3881 933 3962 V
1311 3901 1388 3972 uc,
