3316 4582
237 272 317 350 124
408 245 1259 328 S1counnrtH‘avnncarun1

168 448 173 465 ι
231 402 456 485 ”mittenda
472 405 598 499 fuere,
627 424 772 484 utnon
799 399 921 482 modo
941 405 1029 509 φύε
1054 395 1148 483 eiset
1184 399 1418 508 Bonifatius

231 518 308 596 ''in
335 514 580 598 Medallione
610 510 793 620 efflans,
838 512 1160 626 agnosceremm,
1206 514 1268 596 sed
1296 521 1414 597 etiam

228 628 418 735 ”quando
429 629 621 712 Nummus
630 627 734 710 idern
742 623 850 708 cusus
860 625 914 707 est
933 626 1250 708 &Valentiniano
1261 658 1276 704 .·
1305 627 1413 736 quod

229 737 379 821 ”dubio
406 743 547 852 procul·
569 738 656 854 post
675 737 877 846 Bonifatii
895 765 945 820 ex
972 737 1129 846 Africa*
1146 740 1335 832 reditum,
1367 737 1413 822 &

227 850 352 933 ”cum
369 840 555 964 Magister
572 851 741 938 militum
759 851 886 935 didius
904 849 958 932 est
975 915 985 945 ,
1024 853 1172 932 fanum
1198 851 1413 953 existimare

220 959 374 1059 -''licet,
404 992 488 1048 non
506 966 616 1076 quod
632 987 723 1048 ante
742 964 828 1047 haec
845 987 1021 1076 tempora
1037 961 1183 1044 nullam
1202 961 1316 1046 aliam
1332 962 1413 1045 bel·

227 1075 377 1161 ”lieam
411 1079 705 1192 expeditionem
727 1074 958 1188 susceperit,
1005 1096 1071 1158 aut
1094 1077 1299 1178 victoriam
1324 1076 1412 1159 ade-

227 1191 346 1301 '²ptus
364 1185 433 1286 fit,
446 1218 495 1273 ex
514 1190 654 1299 quibus
666 1192 821 1274 decerni
840 1189 966 1272 eidem
974 1193 1146 1299 potuerit
1154 1189 1411 1298 Triumphum

227 1301 369 1409 ”quod
393 1304 579 1412 praedidta
602 1299 815 1384 refellunt:
854 1299 917 1384 sed
942 1300 1049 1409 quod
1077 1301 1100 1380 d
1128 1299 1412 1382 Valentiniano

189 1427 203 1440 '
226 1415 374 1494 ”aetate
390 1414 587 1525 paululum
602 1416 838 1528 provediiori
863 1410 971 1507 cusus
994 1411 1169 1497 videatur
1193 1411 1408 1508 Medailio,

228 1528 326 1632 ”qui
353 1547 468 1611 antea
495 1528 637 1611 excudi
664 1554 747 1609 non
762 1533 919 1640 potuit,
948 1554 1061 1620 cum,
1082 1544 1293 1634 antequam
1308 1526 1412 1609 idem
1540 1548 1542 1553 ·

228 1641 250 1672 ''
259 1637 571 1721 Valentinianus
581 1639 776 1752 Augustus
788 1639 914 1724 dietus
924 1634 1411 1746 effetaTheodostannin

226 1753 305 1830 ”ra
322 1779 425 1833 anno
445 1746 632 1839 cetexxv.
644 1761 744 1835 inter
755 1749 987 1833 Placidiam
996 1751 1206 1865 Angustam
1223 1750 1268 1833 δι
1295 1751 1410 1831 Boni-

225 1865 247 1898 '³
246 1862 819 1970 faciumbellaintercederent,
831 1892 920 1974 quae
930 1871 1033 1945 circa
1042 1882 1185 1944 annum
1195 1890 1409 1943 ccccxxn.

226 1979 249 2011 '⁹
259 1999 407 2089 coepta,
419 2005 503 2062 non
519 1974 796 2076 nifrde'cen‘nto'
808 1975 895 2090 post
910 1966 997 2058 sunt
1011 1974 1154 2086 sopita:
1168 1977 1246 2082 quit
1263 1995 1409 2087 tempe-

226 2091 249 2123 ’⁹
258 2087 384 2186 state,
422 2093 575 2179 reverso
599 2088 809 2198 Bonffncio
829 2106 851 2185 ,'
879 2087 1209 2181 Valentinianus,
1241 2093 1411 2194 quitum

226 2203 406 2297 ''aetatis,
436 2231 554 2313 quem
579 2211 800 2299 innummo
825 2205 1010 2315 praefert,
1039 2227 1183 2282 annum
1211 2198 1412 2292 decimum

195 2389 203 2406 ,
227 2317 419 2400 ”tertium
438 2325 642 2431 attigeram·
668 2313 733 2400 seu
747 2321 880 2428 potius
901 2334 1024 2400 mater
1041 2309 1250 2407 Placido,
1281 2321 1410 2397 virum

229 2432 251 2463 ‘⁹
261 2427 312 2510 de
328 2427 551 2540 Republica>
564 2428 664 2511 bene
681 2435 884 2521 meritum,
895 2428 1073 2510 victoriis
1095 2423 1408 2519 celeberrimum,

229 2544 252 2576 ''
262 2548 544 2636 innocentem,
584 2540 630 2625 δε
655 2567 722 2654 per
749 2539 980 2623 cataoniam
1006 2537 1099 2622 falso
1118 2538 1313 2634 delatum,
1340 2536 1411 2621 fibi

230 2653 450 2734 ”demereri
467 2651 606 2738 volens
617 2721 627 2751 ,
639 2655 766 2736 hocce
775 2655 937 2736 honoris
952 2650 996 2736 dc
1012 2650 1417 2763 benevolentiaesym·-

232 2761 356 2844 ”bolo
375 2773 591 2851 exornavit.
650 2767 727 2852 Sed
752 2765 846 2877 quid
872 2764 1062 2850 denotent
1077 2763 1245 2869 subjedia
1260 2769 1411 2847 Mono-

217 2877 506 2989 ',”grammata,
546 2906 713 2987 quorum
735 2901 823 2962 tum
844 2885 1013 2989 primunr
1030 2943 1045 2973 ,.
1079 2885 1127 2959 ni
1146 2877 1288 2970 fallor,
1326 2879 1413 2961 usus
1475 2932 1477 2935 -

232 2988 305 3071 ’'in
320 2995 512 3110 nummis,
539 2995 664 3074 fateor
680 2993 784 3074 mihi
794 2988 946 3103 prorsus
963 2998 1163 3102 ignotum,
1189 3018 1319 3098 neque
1335 2989 1417 3099 ipse·

232 3103 372 3184 ’'forte-
392 3102 536 3213 Apollo
563 3103 723 3187 divinet.
781 3099 962 3189 Similem
987 3131 1224 3194 nummum,
1254 3099 1317 3182 sed
1345 3125 1411 3177 au·

230 3213 396 3320 ’'teum,
427 3213 622 3328 descripfit
639 3217 840 3300 Obinvi'na
857 3214 1010 3298 strada
1028 3279 1046 3308 ,
1078 3223 1120 3294 in
1136 3214 1214 3292 hoc
1230 3206 1279 3288 ab
1307 3233 1410 3289 aereo

232 3322 400 3408 ”nostro
413 3324 625 3425 diverfirm,
657 3331 764 3436 quod
790 3337 832 3407 in
849 3351 966 3406 aureo
991 3319 1197 3423 Bonifatii
1214 3342 1329 3429 caput
1351 3348 1411 3402 ra-

231 3438 339 3523 ”diis
361 3438 538 3520 cindtum
559 3431 762 3550 appareat,
795 3432 999 3540 currusque
1024 3460 1106 3514 non
1124 3427 1172 3514 ab
1190 3439 1320 3540 equis,
1348 3431 1416 3516 sed

232 3551 288 3632 ”ai
306 3558 430 3634 cervis
445 3551 638 3644 trahatur,
669 3575 750 3659 quo
766 3547 888 3638 modo
914 3543 1204 3659 Helngabnlnm
1211 3543 1412 3654 procefflss

231 3666 302 3767 '’st’
319 3665 362 3745 in
373 3663 597 3772 publicum,
616 3679 792 3791 quatuor
808 3659 945 3741 cervis
962 3657 1129 3767 juniiis
1155 3658 1382 3770 ingentibus
1399 3677 1413 3753 ,

228 3772 391 3872 ff'seribit
408 3773 697 3894 Lampridrnt:
725 3775 832 3875 &in
845 3770 1064 3896 Annaliun}
1082 3769 1412 3967 AugustiTriutpe

1331 3908 1420 4000 FO:
