<?xml version="1.0" encoding="UTF-8"?>
<!DOCTYPE html PUBLIC "-//W3C//DTD XHTML 1.0 Transitional//EN"
    "http://www.w3.org/TR/xhtml1/DTD/xhtml1-transitional.dtd">
<html xmlns="http://www.w3.org/1999/xhtml" xml:lang="en" lang="en">
 <head>
  <title>
</title>
<meta http-equiv="Content-Type" content="text/html;charset=utf-8" />
  <meta name='ocr-system' content='tesseract 3.04.00' />
  <meta name='ocr-capabilities' content='ocr_page ocr_carea ocr_par ocr_line ocrx_word'/>
</head>
<body>
  <div class='ocr_page' id='page_1' title='image "./sigebertihaverc00havegoog_0128.png"; bbox 0 0 3316 4582; ppageno 0'>
   <div class='ocr_carea' id='block_1_1' title="bbox 330 208 1483 310">
    <p class='ocr_par' dir='ltr' id='par_1_1' title="bbox 330 208 1483 310">
     <span class='ocr_line' id='line_1_1' title="bbox 330 208 1483 310; baseline -0.009 1"><span class='ocrx_word' id='word_1_1' title='bbox 330 230 610 310; x_wconf 68' lang='lat' dir='ltr'>Drssrrnno</span> <span class='ocrx_word' id='word_1_2' title='bbox 638 245 692 302; x_wconf 81' lang='lat' dir='ltr'>nn</span> <span class='ocrx_word' id='word_1_3' title='bbox 717 219 894 306; x_wconf 72' lang='lat' dir='ltr'>Nonius</span> <span class='ocrx_word' id='word_1_4' title='bbox 923 223 1251 308; x_wconf 76' lang='lat' dir='ltr'>Conronrtrms.</span> <span class='ocrx_word' id='word_1_5' title='bbox 1313 208 1393 302; x_wconf 77' lang='lat' dir='ltr'>m</span> <span class='ocrx_word' id='word_1_6' title='bbox 1479 238 1483 243; x_wconf 86' lang='grc'><strong><em>’</em></strong></span> 
     </span>
    </p>
   </div>
   <div class='ocr_carea' id='block_1_2' title="bbox 87 374 1454 3965">
    <p class='ocr_par' dir='ltr' id='par_1_2' title="bbox 87 374 1454 2188">
     <span class='ocr_line' id='line_1_2' title="bbox 194 374 1394 492; baseline -0.008 -24"><span class='ocrx_word' id='word_1_7' title='bbox 194 386 396 468; x_wconf 81' lang='lat' dir='ltr'>Arcenam</span> <span class='ocrx_word' id='word_1_8' title='bbox 412 375 569 462; x_wconf 79' lang='lat' dir='ltr'>vrbem</span> <span class='ocrx_word' id='word_1_9' title='bbox 588 374 816 459; x_wconf 83' lang='lat' dir='ltr'>Alexandro</span> <span class='ocrx_word' id='word_1_10' title='bbox 825 381 979 492; x_wconf 86' lang='lat' dir='ltr'>Magno</span> <span class='ocrx_word' id='word_1_11' title='bbox 991 444 1001 472; x_wconf 91' lang='lat'>,</span> <span class='ocrx_word' id='word_1_12' title='bbox 1013 395 1133 461; x_wconf 87' lang='lat' dir='ltr'><em>nutus</em></span> <span class='ocrx_word' id='word_1_13' title='bbox 1149 386 1261 486; x_wconf 76' lang='lat' dir='ltr'>effer,</span> <span class='ocrx_word' id='word_1_14' title='bbox 1274 400 1394 491; x_wconf 86' lang='lat' dir='ltr'><em>quum</em></span> 
     </span>
     <span class='ocr_line' id='line_1_3' title="bbox 197 487 1394 604; baseline -0.006 -25"><span class='ocrx_word' id='word_1_15' title='bbox 197 499 292 604; x_wconf 81' lang='lat' dir='ltr'><em>cusin</em></span> <span class='ocrx_word' id='word_1_16' title='bbox 311 497 433 586; x_wconf 82' lang='lat' dir='ltr'>illue,</span> <span class='ocrx_word' id='word_1_17' title='bbox 464 489 530 571; x_wconf 81' lang='lat' dir='ltr'>die</span> <span class='ocrx_word' id='word_1_18' title='bbox 538 487 662 598; x_wconf 71' lang='lat' dir='ltr'>festo,</span> <span class='ocrx_word' id='word_1_19' title='bbox 693 488 908 574; x_wconf 82' lang='lat' dir='ltr'>Alexandri</span> <span class='ocrx_word' id='word_1_20' title='bbox 915 508 1044 601; x_wconf 80' lang='lat' dir='ltr'>puter</span> <span class='ocrx_word' id='word_1_21' title='bbox 1058 519 1148 574; x_wconf 83' lang='lat' dir='ltr'>euru</span> <span class='ocrx_word' id='word_1_22' title='bbox 1176 520 1300 575; x_wconf 84' lang='lat' dir='ltr'>nuere</span> <span class='ocrx_word' id='word_1_23' title='bbox 1314 509 1394 602; x_wconf 87' lang='lat' dir='ltr'>pu·</span> 
     </span>
     <span class='ocr_line' id='line_1_4' title="bbox 199 601 1394 717; baseline -0.008 -23"><span class='ocrx_word' id='word_1_24' title='bbox 199 610 296 694; x_wconf 81' lang='lat' dir='ltr'>trie</span> <span class='ocrx_word' id='word_1_25' title='bbox 313 604 578 717; x_wconf 78' lang='lat' dir='ltr'><em>solennitatis</em></span> <span class='ocrx_word' id='word_1_26' title='bbox 608 601 813 712; x_wconf 57' lang='lat' dir='ltr'>ingelenda</span> <span class='ocrx_word' id='word_1_27' title='bbox 840 607 959 714; x_wconf 79' lang='lat' dir='ltr'>neustr</span> <span class='ocrx_word' id='word_1_28' title='bbox 983 608 1163 710; x_wconf 78' lang='lat' dir='ltr'>veniffet.</span> <span class='ocrx_word' id='word_1_29' title='bbox 1221 605 1298 688; x_wconf 85' lang='lat' dir='ltr'>Cui</span> <span class='ocrx_word' id='word_1_30' title='bbox 1331 604 1394 686; x_wconf 81' lang='lat' dir='ltr'>rei</span> 
     </span>
     <span class='ocr_line' id='line_1_5' title="bbox 201 715 1406 835; baseline -0.007 -30"><span class='ocrx_word' id='word_1_31' title='bbox 201 735 476 835; x_wconf 79' lang='lat' dir='ltr'><em>argumentum</em></span> <span class='ocrx_word' id='word_1_32' title='bbox 492 715 574 825; x_wconf 79' lang='grc' dir='ltr'>ιβ,</span> <span class='ocrx_word' id='word_1_33' title='bbox 603 716 713 828; x_wconf 83' lang='lat' dir='ltr'><em>quod</em></span> <span class='ocrx_word' id='word_1_34' title='bbox 733 716 868 801; x_wconf 87' lang='lat' dir='ltr'>eadem</span> <span class='ocrx_word' id='word_1_35' title='bbox 892 718 959 801; x_wconf 86' lang='lat' dir='ltr'>die</span> <span class='ocrx_word' id='word_1_36' title='bbox 981 721 1160 801; x_wconf 82' lang='lat' dir='ltr'>natalem</span> <span class='ocrx_word' id='word_1_37' title='bbox 1185 716 1303 800; x_wconf 85' lang='lat' dir='ltr'>hebet</span> <span class='ocrx_word' id='word_1_38' title='bbox 1330 716 1406 799; x_wconf 88' lang='lat' dir='ltr'>hie-</span> 
     </span>
     <span class='ocr_line' id='line_1_6' title="bbox 200 829 1397 947; baseline -0.009 -27"><span class='ocrx_word' id='word_1_39' title='bbox 200 841 427 920; x_wconf 76' lang='lat' dir='ltr'>Mammaeae</span> <span class='ocrx_word' id='word_1_40' title='bbox 444 829 669 914; x_wconf 75' lang='lat' dir='ltr'>Alexander</span> <span class='ocrx_word' id='word_1_41' title='bbox 688 894 699 925; x_wconf 88' lang='lat'>‚</span> <span class='ocrx_word' id='word_1_42' title='bbox 730 859 810 943; x_wconf 84' lang='lat' dir='ltr'>qua</span> <span class='ocrx_word' id='word_1_43' title='bbox 835 831 907 915; x_wconf 86' lang='lat' dir='ltr'>ille</span> <span class='ocrx_word' id='word_1_44' title='bbox 923 836 1095 947; x_wconf 84' lang='lat' dir='ltr'>Magnus</span> <span class='ocrx_word' id='word_1_45' title='bbox 1115 829 1275 936; x_wconf 82' lang='lat' dir='ltr'>eucefflt</span> <span class='ocrx_word' id='word_1_46' title='bbox 1290 829 1397 920; x_wconf 80' lang='lat' dir='ltr'>evi-</span> 
     </span>
     <span class='ocr_line' id='line_1_7' title="bbox 203 943 1399 1060; baseline -0.007 -30"><span class='ocrx_word' id='word_1_47' title='bbox 203 963 262 1031; x_wconf 79' lang='grc' dir='ltr'>ιι.</span> <span class='ocrx_word' id='word_1_48' title='bbox 320 953 426 1028; x_wconf 82' lang='lat' dir='ltr'>Inter</span> <span class='ocrx_word' id='word_1_49' title='bbox 449 949 593 1028; x_wconf 76' lang='lat' dir='ltr'>omina.</span> <span class='ocrx_word' id='word_1_50' title='bbox 612 970 774 1054; x_wconf 87' lang='lat' dir='ltr'>quoque</span> <span class='ocrx_word' id='word_1_51' title='bbox 801 949 957 1057; x_wconf 89' lang='lat' dir='ltr'>Imperii</span> <span class='ocrx_word' id='word_1_52' title='bbox 983 943 1055 1060; x_wconf 80' lang='lat' dir='ltr'>ipsi</span> <span class='ocrx_word' id='word_1_53' title='bbox 1092 951 1168 1029; x_wconf 66' lang='lat' dir='ltr'>fuit·</span> <span class='ocrx_word' id='word_1_54' title='bbox 1191 945 1308 1052; x_wconf 53' lang='lat' dir='ltr'>Onu</span> <span class='ocrx_word' id='word_1_55' title='bbox 1336 943 1399 1023; x_wconf 84' lang='lat' dir='ltr'>ius</span> 
     </span>
     <span class='ocr_line' id='line_1_8' title="bbox 203 1052 1401 1170; baseline -0.003 -31"><span class='ocrx_word' id='word_1_56' title='bbox 203 1066 366 1148; x_wconf 86' lang='lat' dir='ltr'>nomine</span> <span class='ocrx_word' id='word_1_57' title='bbox 381 1064 537 1152; x_wconf 82' lang='lat' dir='ltr'>nutrix,</span> <span class='ocrx_word' id='word_1_58' title='bbox 566 1052 614 1140; x_wconf 89' lang='lat'>&amp;</span> <span class='ocrx_word' id='word_1_59' title='bbox 628 1065 801 1140; x_wconf 83' lang='lat' dir='ltr'>nutritor</span> <span class='ocrx_word' id='word_1_60' title='bbox 817 1056 964 1170; x_wconf 81' lang='lat' dir='ltr'><em>Philip</em></span> <span class='ocrx_word' id='word_1_61' title='bbox 991 1086 1061 1156; x_wconf 84' lang='lat' dir='ltr'>us,</span> <span class='ocrx_word' id='word_1_62' title='bbox 1090 1058 1280 1169; x_wconf 80' lang='lat' dir='ltr'>aliaqnea</span> <span class='ocrx_word' id='word_1_63' title='bbox 1309 1056 1401 1138; x_wconf 83' lang='lat' dir='ltr'>Mu·</span> 
     </span>
     <span class='ocr_line' id='line_1_9' title="bbox 198 1168 1395 1289; baseline -0.005 -35"><span class='ocrx_word' id='word_1_64' title='bbox 198 1198 275 1289; x_wconf 81' lang='lat' dir='ltr'>guo</span> <span class='ocrx_word' id='word_1_65' title='bbox 308 1170 381 1254; x_wconf 83' lang='lat' dir='ltr'>isto</span> <span class='ocrx_word' id='word_1_66' title='bbox 405 1169 616 1282; x_wconf 75' lang='lat' dir='ltr'>desmrpta.</span> <span class='ocrx_word' id='word_1_67' title='bbox 674 1170 784 1254; x_wconf 85' lang='lat' dir='ltr'>Idem</span> <span class='ocrx_word' id='word_1_68' title='bbox 802 1168 1066 1281; x_wconf 60' lang='lat' dir='ltr'><em>Lununriulius</em></span> <span class='ocrx_word' id='word_1_69' title='bbox 1094 1180 1137 1255; x_wconf 91' lang='lat' dir='ltr'>in</span> <span class='ocrx_word' id='word_1_70' title='bbox 1161 1179 1247 1278; x_wconf 75' lang='lat' dir='ltr'>ejus</span> <span class='ocrx_word' id='word_1_71' title='bbox 1270 1169 1395 1264; x_wconf 79' lang='lat' dir='ltr'>Vita,</span> 
     </span>
     <span class='ocr_line' id='line_1_10' title="bbox 204 1282 1400 1399; baseline -0.007 -28"><span class='ocrx_word' id='word_1_72' title='bbox 204 1291 300 1399; x_wconf 78' lang='lat' dir='ltr'>cap.</span> <span class='ocrx_word' id='word_1_73' title='bbox 328 1311 445 1368; x_wconf 84' lang='lat' dir='ltr'>xm.</span> <span class='ocrx_word' id='word_1_74' title='bbox 503 1283 650 1371; x_wconf 88' lang='lat' dir='ltr'><em>Omiuu</em></span> <span class='ocrx_word' id='word_1_75' title='bbox 676 1282 740 1365; x_wconf 88' lang='lat' dir='ltr'>Im</span> <span class='ocrx_word' id='word_1_76' title='bbox 767 1284 847 1364; x_wconf 89' lang='lat' dir='ltr'>erii</span> <span class='ocrx_word' id='word_1_77' title='bbox 880 1283 964 1367; x_wconf 82' lang='lat' dir='ltr'>hec</span> <span class='ocrx_word' id='word_1_78' title='bbox 998 1283 1171 1380; x_wconf 76' lang='lat' dir='ltr'>hebuit3</span> <span class='ocrx_word' id='word_1_79' title='bbox 1208 1284 1400 1366; x_wconf 78' lang='lat' dir='ltr'><em>‘Primum</em></span> 
     </span>
     <span class='ocr_line' id='line_1_11' title="bbox 203 1390 1400 1589; baseline -0.003 -108"><span class='ocrx_word' id='word_1_80' title='bbox 203 1397 310 1513; x_wconf 80' lang='lat' dir='ltr'>qued</span> <span class='ocrx_word' id='word_1_81' title='bbox 320 1426 368 1478; x_wconf 91' lang='lat' dir='ltr'>eu</span> <span class='ocrx_word' id='word_1_82' title='bbox 386 1395 451 1476; x_wconf 84' lang='lat' dir='ltr'>die</span> <span class='ocrx_word' id='word_1_83' title='bbox 467 1412 589 1476; x_wconf 88' lang='lat' dir='ltr'><em>nutus</em></span> <span class='ocrx_word' id='word_1_84' title='bbox 606 1390 658 1500; x_wconf 92' lang='grc' dir='ltr'>ιβ</span> <span class='ocrx_word' id='word_1_85' title='bbox 667 1423 768 1589; x_wconf 58' lang='lat' dir='ltr'>,jue</span> <span class='ocrx_word' id='word_1_86' title='bbox 785 1395 995 1504; x_wconf 66' lang='lat' dir='ltr'>effrenus</span> <span class='ocrx_word' id='word_1_87' title='bbox 1011 1399 1107 1481; x_wconf 86' lang='lat' dir='ltr'>vitu</span> <span class='ocrx_word' id='word_1_88' title='bbox 1124 1403 1296 1511; x_wconf 79' lang='lat' dir='ltr'>Magnus</span> <span class='ocrx_word' id='word_1_89' title='bbox 1305 1394 1400 1477; x_wconf 89' lang='lat' dir='ltr'>Ale·</span> 
     </span>
     <span class='ocr_line' id='line_1_12' title="bbox 203 1505 1403 1623; baseline -0.006 -26"><span class='ocrx_word' id='word_1_90' title='bbox 203 1511 353 1597; x_wconf 85' lang='lat' dir='ltr'>xander</span> <span class='ocrx_word' id='word_1_91' title='bbox 370 1506 543 1589; x_wconf 84' lang='lat' dir='ltr'><em>dicitnr:</em></span> <span class='ocrx_word' id='word_1_92' title='bbox 576 1505 666 1588; x_wconf 85' lang='lat' dir='ltr'>dein</span> <span class='ocrx_word' id='word_1_93' title='bbox 695 1533 745 1600; x_wconf 92' lang='lat' dir='ltr'>e,</span> <span class='ocrx_word' id='word_1_94' title='bbox 805 1509 883 1591; x_wconf 81' lang='lat' dir='ltr'>uod</span> <span class='ocrx_word' id='word_1_95' title='bbox 903 1513 946 1592; x_wconf 89' lang='lat' dir='ltr'>iu</span> <span class='ocrx_word' id='word_1_96' title='bbox 971 1510 1013 1594; x_wconf 89' lang='lat' dir='ltr'><em>T</em></span> <span class='ocrx_word' id='word_1_97' title='bbox 1007 1513 1129 1623; x_wconf 84' lang='lat' dir='ltr'>euple</span> <span class='ocrx_word' id='word_1_98' title='bbox 1156 1511 1250 1623; x_wconf 81' lang='lat' dir='ltr'>ejus</span> <span class='ocrx_word' id='word_1_99' title='bbox 1270 1523 1403 1590; x_wconf 84' lang='lat' dir='ltr'>muter</span> 
     </span>
     <span class='ocr_line' id='line_1_13' title="bbox 87 1537 1401 1735; baseline -0.003 -29"><span class='ocrx_word' id='word_1_100' title='bbox 87 1644 91 1650; x_wconf 86' lang='grc'>·</span> <span class='ocrx_word' id='word_1_101' title='bbox 206 1625 329 1706; x_wconf 84' lang='lat' dir='ltr'>enixu</span> <span class='ocrx_word' id='word_1_102' title='bbox 347 1619 422 1728; x_wconf 72' lang='lat' dir='ltr'>est:</span> <span class='ocrx_word' id='word_1_103' title='bbox 451 1620 575 1702; x_wconf 83' lang='lat' dir='ltr'>tertie</span> <span class='ocrx_word' id='word_1_104' title='bbox 591 1618 728 1732; x_wconf 85' lang='lat' dir='ltr'><em>quodi</em></span> <span class='ocrx_word' id='word_1_105' title='bbox 743 1537 830 1725; x_wconf 75' lang='lat' dir='ltr'><em>liius</em></span> <span class='ocrx_word' id='word_1_106' title='bbox 845 1650 978 1705; x_wconf 84' lang='lat' dir='ltr'>nemen</span> <span class='ocrx_word' id='word_1_107' title='bbox 1003 1624 1168 1734; x_wconf 80' lang='lat' dir='ltr'>aceepit.</span> <span class='ocrx_word' id='word_1_108' title='bbox 1196 1622 1243 1707; x_wconf 89' lang='lat'>&amp;</span> <span class='ocrx_word' id='word_1_109' title='bbox 1268 1620 1401 1735; x_wconf 73' lang='lat' dir='ltr'>paullo</span> 
     </span>
     <span class='ocr_line' id='line_1_14' title="bbox 206 1731 1395 1852; baseline -0.002 -35"><span class='ocrx_word' id='word_1_110' title='bbox 206 1734 318 1852; x_wconf 86' lang='lat' dir='ltr'>post:</span> <span class='ocrx_word' id='word_1_111' title='bbox 346 1733 431 1815; x_wconf 86' lang='lat' dir='ltr'>His</span> <span class='ocrx_word' id='word_1_112' title='bbox 445 1731 621 1839; x_wconf 79' lang='grc' dir='ltr'><em>ιιιιβι,</em></span> <span class='ocrx_word' id='word_1_113' title='bbox 641 1732 747 1846; x_wconf 79' lang='lat' dir='ltr'><em>quod</em></span> <span class='ocrx_word' id='word_1_114' title='bbox 757 1737 905 1818; x_wconf 79' lang='lat' dir='ltr'><em>nutrix</em></span> <span class='ocrx_word' id='word_1_115' title='bbox 928 1738 966 1820; x_wconf 90' lang='lat' dir='ltr'>ei</span> <span class='ocrx_word' id='word_1_116' title='bbox 989 1737 1116 1849; x_wconf 86' lang='lat' dir='ltr'>Olym</span> <span class='ocrx_word' id='word_1_117' title='bbox 1144 1746 1198 1820; x_wconf 84' lang='lat' dir='ltr'>ias</span> <span class='ocrx_word' id='word_1_118' title='bbox 1217 1735 1315 1818; x_wconf 80' lang='lat' dir='ltr'>duta</span> <span class='ocrx_word' id='word_1_119' title='bbox 1331 1732 1395 1842; x_wconf 88' lang='grc' dir='ltr'>ιβ,</span> 
     </span>
     <span class='ocr_line' id='line_1_15' title="bbox 207 1847 1405 1962; baseline -0.001 -33"><span class='ocrx_word' id='word_1_120' title='bbox 207 1875 282 1962; x_wconf 73' lang='lat' dir='ltr'>que</span> <span class='ocrx_word' id='word_1_121' title='bbox 298 1847 450 1929; x_wconf 85' lang='lat' dir='ltr'>nornine</span> <span class='ocrx_word' id='word_1_122' title='bbox 464 1861 598 1929; x_wconf 78' lang='lat' dir='ltr'>nater</span> <span class='ocrx_word' id='word_1_123' title='bbox 616 1847 829 1932; x_wconf 88' lang='lat' dir='ltr'>Alexandri</span> <span class='ocrx_word' id='word_1_124' title='bbox 857 1850 1099 1961; x_wconf 75' lang='lat' dir='ltr'>appellatae</span> <span class='ocrx_word' id='word_1_125' title='bbox 1133 1916 1141 1932; x_wconf 94' lang='lat'><strong>.</strong></span> <span class='ocrx_word' id='word_1_126' title='bbox 1199 1848 1405 1931; x_wconf 77' lang='lat' dir='ltr'><em>Nutritur</em></span> 
     </span>
     <span class='ocr_line' id='line_1_16' title="bbox 208 1959 1454 2088; baseline 0 -44"><span class='ocrx_word' id='word_1_127' title='bbox 208 1959 408 2088; x_wconf 72' lang='lat' dir='ltr'>Philippus</span> <span class='ocrx_word' id='word_1_128' title='bbox 415 1959 615 2068; x_wconf 84' lang='lat' dir='ltr'>prevenit</span> <span class='ocrx_word' id='word_1_129' title='bbox 631 1962 723 2066; x_wconf 81' lang='lat' dir='ltr'>ceste</span> <span class='ocrx_word' id='word_1_130' title='bbox 741 1987 842 2042; x_wconf 88' lang='lat' dir='ltr'><em>uuus</em></span> <span class='ocrx_word' id='word_1_131' title='bbox 859 1989 912 2043; x_wconf 87' lang='lat' dir='ltr'>eu</span> <span class='ocrx_word' id='word_1_132' title='bbox 928 1961 1108 2072; x_wconf 84' lang='lat' dir='ltr'><em>rusticis,</em></span> <span class='ocrx_word' id='word_1_133' title='bbox 1139 1961 1245 2076; x_wconf 85' lang='lat' dir='ltr'><em>quod</em></span> <span class='ocrx_word' id='word_1_134' title='bbox 1267 1986 1404 2044; x_wconf 81' lang='lat' dir='ltr'>nemen</span> <span class='ocrx_word' id='word_1_135' title='bbox 1451 2058 1454 2061; x_wconf 39' lang='grc'>,</span> 
     </span>
     <span class='ocr_line' id='line_1_17' title="bbox 198 2071 830 2188; baseline -0.003 -31"><span class='ocrx_word' id='word_1_136' title='bbox 198 2090 325 2188; x_wconf 73' lang='lat' dir='ltr'>patre</span> <span class='ocrx_word' id='word_1_137' title='bbox 343 2071 559 2156; x_wconf 78' lang='lat' dir='ltr'>Alexandri</span> <span class='ocrx_word' id='word_1_138' title='bbox 574 2076 715 2186; x_wconf 82' lang='lat' dir='ltr'>Magni</span> <span class='ocrx_word' id='word_1_139' title='bbox 724 2074 830 2180; x_wconf 83' lang='lat' dir='ltr'><em>fuit.</em></span> 
     </span>
    </p>

    <p class='ocr_par' dir='ltr' id='par_1_3' title="bbox 208 2181 1414 3965">
     <span class='ocr_line' id='line_1_18' title="bbox 221 2181 1404 2301; baseline -0.003 -28"><span class='ocrx_word' id='word_1_140' title='bbox 221 2269 223 2273; x_wconf 78' lang='grc'>,</span> <span class='ocrx_word' id='word_1_141' title='bbox 264 2194 361 2272; x_wconf 85' lang='lat' dir='ltr'>Dixi</span> <span class='ocrx_word' id='word_1_142' title='bbox 380 2185 547 2301; x_wconf 88' lang='lat' dir='ltr'>superius</span> <span class='ocrx_word' id='word_1_143' title='bbox 564 2183 686 2298; x_wconf 87' lang='lat' dir='ltr'>ipsum</span> <span class='ocrx_word' id='word_1_144' title='bbox 703 2182 858 2268; x_wconf 84' lang='lat' dir='ltr'>laudem</span> <span class='ocrx_word' id='word_1_145' title='bbox 873 2184 988 2283; x_wconf 82' lang='lat' dir='ltr'>hanc,</span> <span class='ocrx_word' id='word_1_146' title='bbox 1002 2181 1238 2271; x_wconf 82' lang='lat' dir='ltr'>Alexandro</span> <span class='ocrx_word' id='word_1_147' title='bbox 1256 2181 1404 2268; x_wconf 86' lang='lat' dir='ltr'>scilicet</span> 
     </span>
     <span class='ocr_line' id='line_1_19' title="bbox 211 2295 1402 2416; baseline -0.005 -31"><span class='ocrx_word' id='word_1_148' title='bbox 211 2307 442 2416; x_wconf 81' lang='lat' dir='ltr'>comparari,</span> <span class='ocrx_word' id='word_1_149' title='bbox 461 2306 623 2382; x_wconf 86' lang='lat' dir='ltr'>minime</span> <span class='ocrx_word' id='word_1_150' title='bbox 642 2295 870 2383; x_wconf 70' lang='lat' dir='ltr'>detrectasse</span> <span class='ocrx_word' id='word_1_151' title='bbox 881 2363 892 2394; x_wconf 86' lang='lat'>‚</span> <span class='ocrx_word' id='word_1_152' title='bbox 904 2328 988 2383; x_wconf 88' lang='lat' dir='ltr'>non</span> <span class='ocrx_word' id='word_1_153' title='bbox 1005 2321 1139 2383; x_wconf 85' lang='lat' dir='ltr'>tamen</span> <span class='ocrx_word' id='word_1_154' title='bbox 1153 2306 1208 2381; x_wconf 86' lang='lat' dir='ltr'>ita</span> <span class='ocrx_word' id='word_1_155' title='bbox 1224 2321 1270 2381; x_wconf 87' lang='lat' dir='ltr'>ut</span> <span class='ocrx_word' id='word_1_156' title='bbox 1287 2323 1402 2412; x_wconf 86' lang='lat' dir='ltr'>appe·</span> 
     </span>
     <span class='ocr_line' id='line_1_20' title="bbox 212 2410 1405 2529; baseline -0.003 -32"><span class='ocrx_word' id='word_1_157' title='bbox 212 2437 313 2497; x_wconf 88' lang='lat' dir='ltr'>teret</span> <span class='ocrx_word' id='word_1_158' title='bbox 330 2410 383 2495; x_wconf 79' lang='lat' dir='ltr'>stc</span> <span class='ocrx_word' id='word_1_159' title='bbox 400 2411 584 2524; x_wconf 84' lang='lat' dir='ltr'>appellari</span> <span class='ocrx_word' id='word_1_160' title='bbox 605 2477 616 2506; x_wconf 91' lang='lat'>‚</span> <span class='ocrx_word' id='word_1_161' title='bbox 647 2411 709 2495; x_wconf 80' lang='lat' dir='ltr'>sed</span> <span class='ocrx_word' id='word_1_162' title='bbox 726 2435 771 2496; x_wconf 88' lang='lat' dir='ltr'>ut</span> <span class='ocrx_word' id='word_1_163' title='bbox 786 2411 908 2496; x_wconf 87' lang='lat' dir='ltr'>solida</span> <span class='ocrx_word' id='word_1_164' title='bbox 923 2411 1035 2496; x_wconf 84' lang='lat' dir='ltr'>laude</span> <span class='ocrx_word' id='word_1_165' title='bbox 1060 2413 1183 2529; x_wconf 91' lang='lat' dir='ltr'>ipsum</span> <span class='ocrx_word' id='word_1_166' title='bbox 1210 2433 1405 2521; x_wconf 85' lang='lat' dir='ltr'>aequaret,</span> 
     </span>
     <span class='ocr_line' id='line_1_21' title="bbox 213 2523 1409 2636; baseline -0.001 -27"><span class='ocrx_word' id='word_1_167' title='bbox 213 2535 298 2609; x_wconf 89' lang='lat' dir='ltr'>imo</span> <span class='ocrx_word' id='word_1_168' title='bbox 315 2532 538 2636; x_wconf 83' lang='lat' dir='ltr'>temperatis</span> <span class='ocrx_word' id='word_1_169' title='bbox 555 2531 674 2607; x_wconf 87' lang='lat' dir='ltr'>animi</span> <span class='ocrx_word' id='word_1_170' title='bbox 691 2523 900 2610; x_wconf 81' lang='lat' dir='ltr'>virtutibus</span> <span class='ocrx_word' id='word_1_171' title='bbox 924 2534 1110 2612; x_wconf 87' lang='lat' dir='ltr'>vinceret.</span> <span class='ocrx_word' id='word_1_172' title='bbox 1155 2525 1286 2610; x_wconf 85' lang='lat' dir='ltr'>Testis</span> <span class='ocrx_word' id='word_1_173' title='bbox 1303 2525 1409 2609; x_wconf 87' lang='lat' dir='ltr'>idem</span> 
     </span>
     <span class='ocr_line' id='line_1_22' title="bbox 212 2635 1405 2753; baseline 0 -33"><span class='ocrx_word' id='word_1_174' title='bbox 212 2635 499 2748; x_wconf 77' lang='lat' dir='ltr'>Lampridius,</span> <span class='ocrx_word' id='word_1_175' title='bbox 531 2636 703 2722; x_wconf 87' lang='lat' dir='ltr'>delatum</span> <span class='ocrx_word' id='word_1_176' title='bbox 722 2670 744 2722; x_wconf 83' lang='lat' dir='ltr'>a</span> <span class='ocrx_word' id='word_1_177' title='bbox 761 2644 926 2736; x_wconf 81' lang='lat' dir='ltr'>Senatu,</span> <span class='ocrx_word' id='word_1_178' title='bbox 939 2648 1042 2724; x_wconf 88' lang='lat' dir='ltr'>inter</span> <span class='ocrx_word' id='word_1_179' title='bbox 1060 2639 1133 2723; x_wconf 74' lang='lat' dir='ltr'>alia</span> <span class='ocrx_word' id='word_1_180' title='bbox 1149 2635 1315 2753; x_wconf 81' lang='lat' dir='ltr'>gloriosa</span> <span class='ocrx_word' id='word_1_181' title='bbox 1332 2665 1405 2720; x_wconf 85' lang='lat' dir='ltr'>no·</span> 
     </span>
     <span class='ocr_line' id='line_1_23' title="bbox 213 2748 1408 2864; baseline 0 -30"><span class='ocrx_word' id='word_1_182' title='bbox 213 2761 343 2844; x_wconf 88' lang='lat' dir='ltr'>mina,</span> <span class='ocrx_word' id='word_1_183' title='bbox 373 2748 470 2834; x_wconf 89' lang='lat' dir='ltr'>illud</span> <span class='ocrx_word' id='word_1_184' title='bbox 490 2749 633 2864; x_wconf 82' lang='lat' dir='ltr'><em>Magni</em></span> <span class='ocrx_word' id='word_1_185' title='bbox 650 2753 871 2837; x_wconf 84' lang='lat' dir='ltr'>constanter</span> <span class='ocrx_word' id='word_1_186' title='bbox 886 2749 1080 2838; x_wconf 74' lang='lat' dir='ltr'>recusasse.</span> <span class='ocrx_word' id='word_1_187' title='bbox 1110 2761 1169 2837; x_wconf 87' lang='lat' dir='ltr'>ita</span> <span class='ocrx_word' id='word_1_188' title='bbox 1194 2760 1300 2835; x_wconf 88' lang='lat' dir='ltr'>enim</span> <span class='ocrx_word' id='word_1_189' title='bbox 1317 2748 1408 2834; x_wconf 85' lang='lat' dir='ltr'>scri·</span> 
     </span>
     <span class='ocr_line' id='line_1_24' title="bbox 213 2862 1407 2978; baseline 0.001 -35"><span class='ocrx_word' id='word_1_190' title='bbox 213 2862 274 2947; x_wconf 90' lang='lat' dir='ltr'>bit</span> <span class='ocrx_word' id='word_1_191' title='bbox 290 2863 695 2975; x_wconf 78' lang='lat' dir='ltr'>Cap.v1.Reeust1vit</span> <span class='ocrx_word' id='word_1_192' title='bbox 714 2864 758 2953; x_wconf 56' lang='grc' dir='ltr'>ὅ</span> <span class='ocrx_word' id='word_1_193' title='bbox 774 2871 966 2952; x_wconf 80' lang='lat' dir='ltr'>MAGNI</span> <span class='ocrx_word' id='word_1_194' title='bbox 983 2890 1116 2950; x_wconf 80' lang='lat' dir='ltr'>nemen</span> <span class='ocrx_word' id='word_1_195' title='bbox 1129 2934 1139 2963; x_wconf 89' lang='lat'><strong>,</strong></span> <span class='ocrx_word' id='word_1_196' title='bbox 1151 2864 1407 2978; x_wconf 85' lang='lat' dir='ltr'><em>quodeiquu·</em></span> 
     </span>
     <span class='ocr_line' id='line_1_25' title="bbox 208 2973 1409 3088; baseline 0.002 -30"><span class='ocrx_word' id='word_1_197' title='bbox 208 2973 257 3084; x_wconf 84' lang='lat' dir='ltr'><em>st</em></span> <span class='ocrx_word' id='word_1_198' title='bbox 259 2975 486 3059; x_wconf 85' lang='lat' dir='ltr'>Alexandro</span> <span class='ocrx_word' id='word_1_199' title='bbox 503 2974 555 3084; x_wconf 97' lang='grc' dir='ltr'>ιβ</span> <span class='ocrx_word' id='word_1_200' title='bbox 572 2975 759 3075; x_wconf 78' lang='lat' dir='ltr'>oblatum,</span> <span class='ocrx_word' id='word_1_201' title='bbox 772 2978 945 3064; x_wconf 84' lang='lat' dir='ltr'>Senatus</span> <span class='ocrx_word' id='word_1_202' title='bbox 946 2980 1121 3088; x_wconf 84' lang='lat' dir='ltr'><em>judicio.</em></span> <span class='ocrx_word' id='word_1_203' title='bbox 1150 2982 1253 3061; x_wconf 87' lang='lat' dir='ltr'>Nam</span> <span class='ocrx_word' id='word_1_204' title='bbox 1264 3042 1274 3071; x_wconf 91' lang='lat'><strong>,</strong></span> <span class='ocrx_word' id='word_1_205' title='bbox 1284 3001 1330 3060; x_wconf 90' lang='lat' dir='ltr'>ut</span> <span class='ocrx_word' id='word_1_206' title='bbox 1348 2985 1409 3060; x_wconf 83' lang='lat' dir='ltr'>in·</span> 
     </span>
     <span class='ocr_line' id='line_1_26' title="bbox 214 3089 1411 3206; baseline 0 -32"><span class='ocrx_word' id='word_1_207' title='bbox 214 3090 416 3174; x_wconf 82' lang='lat' dir='ltr'>nuiridem</span> <span class='ocrx_word' id='word_1_208' title='bbox 436 3089 1028 3203; x_wconf 69' lang='lat' dir='ltr'>Cap2x1.acclamarumillifuit</span> <span class='ocrx_word' id='word_1_209' title='bbox 1041 3128 1051 3173; x_wconf 74' lang='lat' dir='ltr'><strong><em>z</em></strong></span> <span class='ocrx_word' id='word_1_210' title='bbox 1066 3091 1411 3206; x_wconf 81' lang='lat' dir='ltr'>MugueAlexuu·</span> 
     </span>
     <span class='ocr_line' id='line_1_27' title="bbox 215 3200 1414 3315; baseline 0 -29"><span class='ocrx_word' id='word_1_211' title='bbox 215 3201 387 3286; x_wconf 67' lang='lat' dir='ltr'>nervii</span> <span class='ocrx_word' id='word_1_212' title='bbox 399 3217 443 3283; x_wconf 83' lang='lat' dir='ltr'>te</span> <span class='ocrx_word' id='word_1_213' title='bbox 455 3204 635 3310; x_wconf 71' lang='lat' dir='ltr'>fi’rveut.</span> <span class='ocrx_word' id='word_1_214' title='bbox 663 3200 710 3285; x_wconf 89' lang='lat' dir='ltr'>Si</span> <span class='ocrx_word' id='word_1_215' title='bbox 718 3209 1055 3289; x_wconf 86' lang='lat' dir='ltr'>Antoniniuemeu</span> <span class='ocrx_word' id='word_1_216' title='bbox 1064 3202 1281 3315; x_wconf 85' lang='lat' dir='ltr'><em>repudiasti</em></span> <span class='ocrx_word' id='word_1_217' title='bbox 1293 3272 1303 3302; x_wconf 92' lang='lat'>,</span> <span class='ocrx_word' id='word_1_218' title='bbox 1317 3205 1414 3287; x_wconf 52' lang='lat' dir='ltr'>Mn*</span> 
     </span>
     <span class='ocr_line' id='line_1_28' title="bbox 210 3315 1411 3431; baseline 0.009 -34"><span class='ocrx_word' id='word_1_219' title='bbox 210 3317 286 3431; x_wconf 82' lang='lat' dir='ltr'>gui</span> <span class='ocrx_word' id='word_1_220' title='bbox 291 3333 520 3426; x_wconf 81' lang='lat' dir='ltr'>prenomen</span> <span class='ocrx_word' id='word_1_221' title='bbox 533 3315 703 3426; x_wconf 67' lang='lat' dir='ltr'>stistiee.</span> <span class='ocrx_word' id='word_1_222' title='bbox 721 3317 953 3402; x_wconf 89' lang='lat' dir='ltr'><em>MAGNE</em></span> <span class='ocrx_word' id='word_1_223' title='bbox 978 3316 1387 3404; x_wconf 79' lang='lat' dir='ltr'><em>ALEXANDER</em></span> <span class='ocrx_word' id='word_1_224' title='bbox 1397 3376 1411 3408; x_wconf 75' lang='lat'><strong><em>‚</em></strong></span> 
     </span>
     <span class='ocr_line' id='line_1_29' title="bbox 216 3425 1410 3553; baseline -0.009 -39"><span class='ocrx_word' id='word_1_225' title='bbox 216 3430 304 3514; x_wconf 84' lang='lat' dir='ltr'>Dii</span> <span class='ocrx_word' id='word_1_226' title='bbox 319 3433 553 3540; x_wconf 75' lang='lat' dir='ltr'>reservent.</span> <span class='ocrx_word' id='word_1_227' title='bbox 611 3433 743 3546; x_wconf 86' lang='lat' dir='ltr'>Pergit</span> <span class='ocrx_word' id='word_1_228' title='bbox 759 3433 871 3516; x_wconf 70' lang='lat' dir='ltr'>deins</span> <span class='ocrx_word' id='word_1_229' title='bbox 903 3432 967 3517; x_wconf 82' lang='lat' dir='ltr'>Et</span> <span class='ocrx_word' id='word_1_230' title='bbox 991 3462 1111 3553; x_wconf 85' lang='lat' dir='ltr'><em>quum</em></span> <span class='ocrx_word' id='word_1_231' title='bbox 1127 3434 1280 3543; x_wconf 85' lang='lat' dir='ltr'><em>sepius</em></span> <span class='ocrx_word' id='word_1_232' title='bbox 1305 3425 1410 3506; x_wconf 85' lang='lat' dir='ltr'>diee-</span> 
     </span>
     <span class='ocr_line' id='line_1_30' title="bbox 218 3538 1414 3658; baseline -0.004 -33"><span class='ocrx_word' id='word_1_233' title='bbox 218 3560 337 3639; x_wconf 80' lang='lat' dir='ltr'>reut;</span> <span class='ocrx_word' id='word_1_234' title='bbox 366 3543 591 3629; x_wconf 81' lang='lat' dir='ltr'>Alexander</span> <span class='ocrx_word' id='word_1_235' title='bbox 598 3543 798 3658; x_wconf 85' lang='lat' dir='ltr'><em>Augustus</em></span> <span class='ocrx_word' id='word_1_236' title='bbox 814 3545 898 3630; x_wconf 85' lang='lat' dir='ltr'>uit:</span> <span class='ocrx_word' id='word_1_237' title='bbox 930 3549 1115 3632; x_wconf 80' lang='lat' dir='ltr'>Facilius</span> <span class='ocrx_word' id='word_1_238' title='bbox 1121 3547 1217 3652; x_wconf 78' lang='lat' dir='ltr'>fluit</span> <span class='ocrx_word' id='word_1_239' title='bbox 1234 3541 1288 3622; x_wconf 85' lang='lat' dir='ltr'>P.</span> <span class='ocrx_word' id='word_1_240' title='bbox 1308 3538 1351 3621; x_wconf 92' lang='lat' dir='ltr'>C.</span> <span class='ocrx_word' id='word_1_241' title='bbox 1362 3553 1414 3621; x_wconf 79' lang='lat' dir='ltr'>ut</span> 
     </span>
     <span class='ocr_line' id='line_1_31' title="bbox 220 3652 1412 3773; baseline -0.003 -36"><span class='ocrx_word' id='word_1_242' title='bbox 220 3658 518 3741; x_wconf 78' lang='lat' dir='ltr'>Antoninorum</span> <span class='ocrx_word' id='word_1_243' title='bbox 533 3682 667 3739; x_wconf 82' lang='lat' dir='ltr'>nemen</span> <span class='ocrx_word' id='word_1_244' title='bbox 685 3661 902 3769; x_wconf 85' lang='lat' dir='ltr'>acciperem</span> <span class='ocrx_word' id='word_1_245' title='bbox 912 3691 926 3738; x_wconf 94' lang='grc'>.·</span> <span class='ocrx_word' id='word_1_246' title='bbox 955 3659 1118 3773; x_wconf 85' lang='lat' dir='ltr'><em>aliquid</em></span> <span class='ocrx_word' id='word_1_247' title='bbox 1131 3656 1234 3736; x_wconf 87' lang='lat' dir='ltr'>euim</span> <span class='ocrx_word' id='word_1_248' title='bbox 1261 3652 1336 3734; x_wconf 86' lang='lat' dir='ltr'>vel</span> <span class='ocrx_word' id='word_1_249' title='bbox 1348 3656 1412 3762; x_wconf 80' lang='lat' dir='ltr'>uf·</span> 
     </span>
     <span class='ocr_line' id='line_1_32' title="bbox 212 3764 1411 3965; baseline -0.003 -114"><span class='ocrx_word' id='word_1_250' title='bbox 212 3764 378 3875; x_wconf 79' lang='lat' dir='ltr'>finienti</span> <span class='ocrx_word' id='word_1_251' title='bbox 403 3766 619 3876; x_wconf 65' lang='lat' dir='ltr'>dfferrem,</span> <span class='ocrx_word' id='word_1_252' title='bbox 650 3773 725 3854; x_wconf 80' lang='lat' dir='ltr'>nel</span> <span class='ocrx_word' id='word_1_253' title='bbox 746 3772 936 3880; x_wconf 83' lang='lat' dir='ltr'>consertio</span> <span class='ocrx_word' id='word_1_254' title='bbox 962 3770 1131 3855; x_wconf 81' lang='lat' dir='ltr'><em>nominis</em></span> <span class='ocrx_word' id='word_1_255' title='bbox 1152 3767 1411 3965; x_wconf 50' lang='lat' dir='ltr'>Inueriffi</span> 
     </span>
    </p>
   </div>
   <div class='ocr_carea' id='block_1_3' title="bbox 0 0 1668 4582">
    <p class='ocr_par' dir='ltr' id='par_1_4' title="bbox 0 0 1668 4582">
     <span class='ocr_line' id='line_1_33' title="bbox 0 0 1668 4582; baseline 0 0"><span class='ocrx_word' id='word_1_256' title='bbox 0 0 1668 4582; x_wconf 95' lang='lat' dir='ltr'> </span> 
     </span>
    </p>
   </div>
  </div>
 </body>
</html>
