3316 4582
224 244 277 341 56
465 235 746 314 smmum
802 227 1167 308 Huvmcuum

221 396 389 477 vicerat,
421 411 472 466 an
496 381 769 466 excellentiam
796 383 1047 464 viuoxiarum
1061 376 1290 490 Vespnfiani
1307 380 1406 465 indi·
1520 370 1529 378 ’

224 521 322 593 cet,
353 508 394 577 in
412 503 563 579 incerto
582 495 647 578 est.
678 493 814 577 Paffim
832 503 937 576 enim
962 501 1099 577 unicus
1117 496 1259 577 Palmae
1282 520 1410 577 ramus
1499 590 1504 600 ι

226 611 345 694 incidi
363 607 464 690 hisce
482 607 783 691 Numismatibus
798 605 907 688 solet.
1491 627 1494 631 ·

285 723 349 805 Ab
367 722 577 834 posteriorc
593 744 702 833 parte
719 726 888 804 Venatio
908 727 1135 832 exprimitur
1146 785 1155 814 ,
1166 720 1215 803 de
1229 748 1313 830 quo
1321 718 1410 831 Ty-

229 866 282 951 po
300 863 395 918 mox
413 835 462 918 ad
482 833 692 916 Neronem.
750 834 879 916 Reue
904 859 998 914 vero
1025 828 1191 915 affirmat
1207 834 1271 914 Be
1295 859 1409 928 erus,
1494 859 1497 865 ’
1568 869 1573 883 ·

231 977 282 1032 ex
308 976 388 1058 quo
414 946 634 1061 desumptus
660 949 832 1058 Typus‚
863 947 982 1027 Tom.
1012 950 1079 1026 ΙΙΙ.
1115 942 1234 1053 Thes
1255 861 1413 1029 hrand.

230 1090 317 1176 pag,
341 1089 429 1143 102.
448 1090 531 1144 uon
547 1067 675 1143 minus
691 1061 740 1142 ad
756 1060 802 1140 V
796 1055 1051 1167 espastanurn‚
1084 1085 1200 1167 quam
1218 1059 1267 1140 ad
1282 1056 1413 1139 Nero·

233 1202 320 1256 neon
344 1181 570 1286 pertinere,
600 1199 721 1280 quum
745 1170 790 1254 &
816 1172 920 1253 huuc
947 1173 1167 1282 Principem
1193 1171 1431 1253 belluarum·

235 1285 359 1369 cades
375 1286 417 1366 in
445 1285 480 1358 T
473 1284 628 1366 heatris
637 1281 794 1366 edidisse
802 1279 1041 1393 Xiphilinns
1050 1306 1189 1377 narret,
1201 1282 1286 1366 Lib.
1295 1312 1416 1367 val.

237 1399 423 1506 additque
447 1399 550 1481 idem
572 1396 752 1509 Begerus
775 1396 861 1478 haec
888 1394 1035 1477 verba:
1068 1394 1228 1491 „Licet
1245 1394 1418 1478 Theatra
1574 1412 1575 1417 ‘

242 1511 441 1619 „proprie
463 1509 642 1605 Cornicis,
654 1506 969 1616 Amphitheatro
977 1510 1023 1590 V
1016 1507 1263 1590 enatioaibu's
1279 1509 1322 1596 Εὖ
1332 1508 1418 1591 Lu·
1486 1584 1494 1594 ,

167 1710 170 1716 Δ
243 1622 391 1719 „otim
423 1620 535 1703 Circi
564 1618 748 1727 Cnrsthus
774 1621 1068 1728 inservierint,
1100 1620 1244 1730 constat
1262 1638 1418 1718 tomen,

243 1734 444 1925 „antiqui
471 1735 563 1815 imis
587 1734 855 1843 temporibus,
886 1733 1029 1846 quihus
1054 1731 1224 1816 ‘Theatra
1250 1733 1293 1822 ὥ
1321 1735 1420 1817 Aen
1579 1822 1581 1825 .

246 1913 273 1943 „
273 1845 373 1958 phio
401 1865 517 1927 entra
532 1845 697 1928 nondum
715 1863 852 1939 erant,
881 1874 1010 1928 omnes
1039 1844 1262 1955 indistinete
1286 1845 1448 1928 Ludos·

121 2012 128 2025 »
247 1961 329 2056 „in
360 1958 475 2043 Circo
502 1959 747 2056 celebratos,
787 1958 955 2073 indeque
982 1958 1024 2045 {o
1044 1957 1247 2067 Circenses
1273 1957 1418 2054 diotae,

250 2139 276 2168 ,‚
287 2072 384 2154 lieet
400 2072 500 2156 alibi
518 2090 754 2186 agerentur,
786 2072 904 2182 idque
920 2099 1025 2154 more
1043 2088 1155 2154 tanto
1181 2071 1423 2154 tolerabilio-
1521 2077 1524 2081 ’

250 2242 276 2282 ,,
289 2215 372 2282 re,
420 2183 526 2299 qnod
546 2183 696 2268 Thatra
724 2185 1079 2280 Semi-Circulum,
1110 2182 1426 2294 Amphitheatro

252 2315 421 2396 „antem
447 2300 650 2384 Circnlurn
678 2299 875 2412 integrum
900 2296 1149 2391 obtinerent,
1189 2297 1357 2409 adeoque
1383 2297 1426 2385 fid

253 2414 379 2632 „rfpsq
397 2412 556 2496 Circulo
591 2413 634 2494 in
661 2409 831 2495 Nummo
859 2416 1030 2523 expreffo
1044 2409 1311 2524 prefignrori
1336 2412 1428 2524 pos·

255 2588 281 2620 „
312 2551 390 2605 en.

435 2742 689 2832 Χ’ΝΕΙίΟΝΙὸ
719 2749 843 2840 rursus
873 2756 1233 2839 NUMISMATA.

362 2939 365 2944 .
728 2865 857 2949 Num.
888 2871 964 2949 IV.

314 2972 527 3054 Nummum
545 2972 650 3055 huuc
667 2981 812 3086 primus
830 2976 1007 3059 exhibuit
1026 2974 1274 3087 Sebastianus
1299 2979 1453 3061 Eriz-·

151 3090 153 3094 ⁴
260 3109 335 3178 zo,
357 3083 520 3174 Nobilis
535 3085 735 3184 Venetus,
765 3095 807 3170 iu
831 3088 951 3174 Libro
974 3090 1122 3171 Italice
1152 3093 1331 3203 inscripto
1349 3089 1436 3168 ‘Di-

253 3198 385 3304 scursu
402 3199 527 3305 sopra
550 3199 589 3278 le
614 3199 817 3315 Medaglie
841 3201 888 3283 de
922 3203 987 3315 gn·
1011 3201 1214 3297 Antichi,
1246 3203 1440 3286 Editionis

183 3409 186 3413 ,
263 3331 423 3420 quartae.
442 3317 488 3391 ln
508 3308 588 3422 ipso
599 3313 771 3396 Nummo
788 3337 938 3427 partem
953 3313 1113 3395 alteram
1131 3321 1315 3427 occupari
1330 3309 1439 3391 testa*

264 3445 330 3506 tut
347 3419 395 3502 ab
412 3417 527 3533 ipslus
545 3427 791 3534 Imperatoris
808 3423 944 3516 vultu,
974 3423 1086 3510 valde
1112 3427 1240 3509 adhuc
1251 3421 1439 3531 juvenili,
1528 3505 1531 3509 .

267 3535 314 3621 &
332 3533 473 3618 Palmae
490 3530 640 3646 fignum
651 3534 766 3638 juxta
782 3533 1003 3648 impressum
1020 3564 1221 3651 apparere3
1240 3538 1358 3621 talem
1376 3563 1442 3619 ve·

86 3717 91 3724 .
189 3722 193 3727 .
268 3678 314 3730 ro
325 3656 365 3731 in
383 3655 546 3731 circuitu
555 3655 662 3729 cerui
671 3646 1110 3763 InscriptionemleP.
1129 3653 1298 3740 NERO.
1317 3655 1444 3738 ΘΑΕ·
1525 3709 1528 3713 -

271 3762 389 3843 SAR.
417 3763 550 3846 AUG.
578 3766 620 3844 P.
646 3762 793 3846 MAX.
850 3764 854 3773 ’
1383 3823 1448 3961 AB
