3316 4582
264 222 545 308 Drssnnrnrro
573 251 627 308 m:
655 226 906 310 Arnxnunnr
934 226 995 310 M.
1015 230 1281 315 Nonianum.
1340 258 1387 334 33
1461 202 1467 230 'x

198 389 416 497 expetitis,
453 377 602 464 bellum
623 388 774 466 moveri
802 379 919 476 solet,
958 379 1003 463 dc
1030 394 1150 491 quari
1177 411 1245 500 per
1262 415 1390 480 arma,

199 520 291 607 quae
315 484 404 578 tuto
424 493 469 580 δι
489 492 613 576 otiose
639 494 921 608 poffidea'ntur,
951 523 974 576 a
1000 497 1217 593 violentis,
1257 502 1391 585 defen·

198 611 241 695 di
257 637 280 690 a
290 609 403 713 justis
423 634 498 719 ope
514 615 656 720 pariter
672 636 890 703 armorum,
921 606 1054 720 palstm
1073 611 1258 694 videmus.

256 721 395 805 Restat
421 719 591 830 denique
619 725 755 833 Figura
779 720 845 802 illa
870 717 1078 805 Muliebris
1104 722 1257 818 sedens,
1288 747 1395 847 gern-

74 886 77 890 Δ
199 859 292 922 meo
318 832 449 917 balteo
479 898 488 928 ,
526 856 643 943 atque
668 830 806 945 insigni
833 841 874 915 in
908 837 1068 947 pedore
1102 861 1255 946 gemma
1282 864 1396 918 exor-

200 970 325 1042 nata,
365 945 546 1060 paludata
564 954 682 1030 etiarn
702 1011 712 1040 ,
731 973 735 981 ·
753 946 931 1029 dextram
956 945 1163 1042 attollens,
1200 946 1301 1031 laeva
1330 949 1398 1031 ha·
1432 988 1435 993 ·

201 1059 300 1147 stam
318 1082 479 1155 tenenS,
510 1058 556 1143 δε
574 1067 615 1142 in
640 1066 766 1171 capite
782 1059 958 1143 modium
976 1058 1133 1143 habens.
1164 1064 1268 1142 Haec
1286 1063 1397 1144 Sum·

205 1202 315 1259 mum
342 1179 582 1284 Imperium,
624 1177 899 1283 Summamque
936 1173 1173 1256 Potestatem
1197 1166 1398 1286 designare
1463 1224 1465 1236 ι
1579 1193 1585 1206 “

203 1288 381 1384 videtur;
399 1286 487 1367 ideo
510 1291 615 1366 enim
630 1284 784 1381 sedens,
797 1310 983 1395 tanquam
1001 1293 1042 1367 in
1060 1286 1252 1382 Thmoo,
1274 1285 1408 1370 hasta»

203 1422 267 1495 ta,
298 1399 476 1481 dextram
503 1405 727 1509 imperantis
753 1407 830 1480 ritu
859 1398 1064 1493 attollens,
1096 1420 1214 1507 atque
1242 1396 1399 1510 paluda-

193 1532 249 1624 ‚ta
273 1510 445 1622 fingitur.
503 1514 625 1592 Prout
651 1507 848 1621 saepiffrme
874 1510 1001 1591 Roma
1031 1519 1073 1593 in
1095 1515 1274 1595 Numinis
1298 1509 1396 1608 suis,

169 1632 177 1647 '
206 1624 419 1738 praesertim
453 1621 578 1704 blava
614 1623 739 1704 Roma
769 1631 810 1705 in
846 1619 1286 1735 Constantinopolitano
1332 1651 1400 1710 ex-

206 1736 375 1822 hibetur.
434 1743 492 1818 Ita
520 1735 668 1847 galeata
695 1734 859 1828 sedens,
899 1737 1035 1818 dextra
1070 1736 1259 1850 globum,
1290 1735 1400 1820 laeva

206 1851 354 1935 hastam
381 1872 491 1931 tenet
518 1856 559 1929 in
587 1846 723 1929 Taciti
742 1852 915 1931 Nummo
942 1877 1058 1931 aureo
1083 1851 1188 1962 apud
1212 1849 1401 1931 Hemela-

167 1972 170 1979 '
208 1964 317 2047 rium
344 1961 445 2044 Tab.
475 1990 645 2044 xnv111.
673 1959 788 2044 ut&
805 1962 1086 2044 Valentiniani
1113 1964 1214 2074 apud
1234 1962 1402 2046 eundern

208 2074 312 2161 Tab.
332 2103 475 2158 tvm.
496 2069 689 2179 Theodosti
707 2072 807 2154 Tab.
829 2103 920 2156 nrx.
943 2074 1088 2178 Prisca·
1104 2075 1248 2154 Attali
1267 2081 1399 2168 etiam,

210 2192 420 2276 vidioriam
441 2209 581 2270 tenens
598 2185 718 2301 globo
738 2183 994 2282 insistentem,
1027 2182 1128 2267 Tab.
1162 2213 1254 2268 uxr.
1282 2205 1402 2295 atque
1489 2264 1498 2290 ,

211 2309 255 2387 iu
273 2301 438 2385 infinitis
456 2299 551 2384 aliis.

131 2424 139 2443 '
269 2415 391 2503 Hasta
412 2417 605 2495 Potentiae
623 2410 858 2524 Symbolum
887 2409 970 2506 est,
1002 2419 1083 2496 imo
1112 2409 1158 2496 dc
1174 2416 1405 2498 Divinitatis

213 2533 290 2612 fuit
307 2527 407 2640 apud
424 2530 625 2635 Antiquos
640 2562 650 2622 ;
680 2526 998 2609 paludamentum
1015 2532 1192 2638 Imperii,
1223 2525 1402 2620 modius,

214 2637 618 2752 SerapidisAEgyptii
636 2637 1062 2750 paffimornamentum,
1082 2636 1327 2722 abundantiae
1344 2664 1405 2721 re·

213 2783 301 2838 runt
339 2760 548 2847 omnium
578 2778 743 2863 gemmae
777 2752 856 2834 istae
882 2774 999 2861 atque
1025 2758 1192 2834 uniones
1221 2750 1407 2866 fulgentis

214 2865 351 2980 gloriae
369 2862 921 2978 magnarumquedivitiarum
950 2893 1040 2973 quae
1056 2862 1142 2948 sane
1158 2870 1291 2948 omnia
1308 2893 1405 2948 con·

215 2976 370 3063 fluxille
387 2987 428 3061 in
455 2975 626 3060 universa
651 2971 860 3088 &singula
880 2977 947 3059 ista
965 2982 1122 3060 Summa
1137 2973 1305 3060 universi
1325 2981 1403 3060 Ot-

215 3089 277 3176 bis
301 3099 360 3175 Im
389 3098 487 3184 etia,
518 3088 564 3173 &
583 3089 779 3172 Numisma
797 3088 971 3172 nostrum
1000 3089 1260 3172 demonstrate
1288 3117 1407 3174 cona·

215 3225 310 3300 tur,
341 3120 388 3290 dd
421 3230 570 3298 nemo,
613 3223 658 3284 ut
693 3207 834 3314 opinor
853 3197 876 3297 ,'
904 3227 1091 3311 umquam
1125 3227 1266 3318 negare
1292 3226 1407 3319 pote·

217 3340 282 3401 nt.
1127 3352 1130 3357 ’

273 3429 473 3544 Superest,
502 3452 548 3514 ut
565 3456 687 3543 pauca
714 3428 889 3516 dicamus
912 3424 962 3512 de
990 3424 1076 3514 aliis
1107 3426 1333 3542 quibusdam
1359 3421 1408 3506 sr-

216 3541 376 3629 milibus
401 3547 611 3640 Nummis‚
642 3545 692 3627 de
724 3538 846 3655 ipsrus·
872 3542 1119 3628 Numismatis
1158 3541 1278 3624 nostri
1307 3535 1408 3623 suni-

217 3655 395 3765 liumque
421 3655 579 3741 metallo
606 3655 653 3743 δι
676 3655 827 3770 figura,
858 3650 904 3739 &
941 3657 1101 3742 tandem
1127 3648 1409 3740 occasione&

218 3790 402 3895 tempore
416 3795 496 3881 quo
515 3766 705 3882 signatum
720 3768 959 3884 suspicamur.
1015 3879 1020 3886 ἡ

1067 3872 1102 3959 n
1216 3973 1218 3977 .
1337 3816 1411 3962 'st
