3316 4582
228 236 350 311 1'20,
419 214 775 298 S1oo1³onr1
832 195 1278 309 HAvERcoMot

281 364 408 451 Facile
426 386 584 478 apparet
604 363 943 448 Acclamationem
961 366 1062 449 hanc
1078 367 1126 452 ad
1144 369 1264 480 ipsum
1280 368 1412 455 Houo-

224 482 337 566 rium
365 485 642 590 Imperatorem
666 486 881 588 pertinere,
911 507 995 562 non
1022 507 1117 564 vero
1146 483 1321 565 Athletae
1347 515 1413 569 cu·

220 594 373 701 jusdam
399 589 609 703 compleffl
632 599 805 675 nomina.
863 599 972 674 Sicut
997 615 1126 675 autem
1144 595 1413 680 Amazonium

227 732 404 819 tempore
420 703 596 799 Dionis,
627 700 798 806 &juxta
823 711 906 809 ejus
930 703 1215 802 testimonium,
1247 711 1414 822 appella·

227 818 324 904 bant
352 815 612 909 Commodum,
644 812 743 898 ficut
767 816 1004 911 Herculem,
1035 815 1081 901 &
1106 819 1334 928 Apollinem
1359 825 1417 908 di-

230 958 324 1018 xere
342 931 543 1039 quondam
561 931 779 1026 Neronem,
795 939 910 1036 juxta
927 931 1115 1026 eundem3
1135 941 1189 1014 ita
1197 933 1419 1018 Honorium

230 1069 419 1153 tanquam
443 1040 604 1126 Achilli
627 1070 793 1156 parem,
843 1042 1111 1127 Defideratum
1146 1073 1169 1124 a
1198 1074 1240 1127 re
1266 1047 1417 1145 ublico,

232 1155 429 1242 Nobiliter
445 1180 602 1249 natum,
634 1161 801 1267 Imperio
826 1156 1007 1268 dignum,
1038 1152 1084 1238 &
1107 1074 1316 1268 specioitm
1344 1170 1421 1247 Im·

232 1276 427 1386 peratoria
461 1274 599 1350 Forma
637 1265 700 1348 sua
736 1265 993 1351 celebrarunt.
1019 1274 1025 1285 '
1053 1271 1176 1377 Qeod
1217 1269 1337 1383 ipsum
1379 1283 1422 1356 in

235 1376 416 1484 Circenst
434 1385 590 1461 Laetitia
613 1385 824 1461 unaninem
849 1380 988 1493 Populi
1012 1409 1157 1464 vocem
1180 1383 1292 1467 fuisse
1332 1385 1422 1470 satis

233 1493 445 1580 ostendunt
475 1491 540 1574 illa
565 1488 779 1575 Claudiani
803 1491 853 1575 de
887 1522 952 1578 v1.
1008 1492 1180 1576 Honorii
1208 1496 1422 1607 Consulatu

234 1608 344 1696 versu
364 1609 457 1684 606.

292 1718 383 1803 Nec
400 1713 481 1797 tibi
497 1716 663 1799 venans
680 1735 847 1829 captant
862 1719 1192 1830 erarinplaustrs

293 1832 546 1941 Corrupturn
553 1827 690 1936 fidem.
746 1832 923 1913 Meritis
939 1834 1110 1940 offertur
1126 1836 1298 1917 inemtus

294 1948 417 2031 Pura
433 1961 562 2025 mente
568 1946 712 2051 favor.
743 1946 852 2027 Nam
867 1971 1026 2027 munere
1043 1947 1176 2027 carior
1192 1948 1295 2029 omui

248 2106 251 2111 ·
297 2055 611 2173 Obstriugirstm
631 2083 821 2170 quemque
829 2059 958 2165 stolus.
988 2060 1147 2143 Procul
1165 2059 1340 2145 ambitus
1365 2086 1427 2141 er·

381 2187 459 2255 ret.

296 2286 391 2370 Non
410 2300 568 2399 querat
578 2283 782 2398 pretium,
813 2284 946 2367 uitam
962 2283 1033 2397 qui
1049 2281 1163 2368 debet
1179 2287 1316 2369 umori.

297 2403 336 2483 Ο
354 2415 546 2511 quantum
553 2398 700 2508 populo
708 2398 863 2505 steretr'
878 2394 1072 2479 Numinis
1088 2397 1205 2481 addit

184 2514 189 2521 ’
296 2511 467 2620 Imperii
472 2514 654 2617 presens
671 2511 845 2607 Genius,
875 2528 1140 2625 quantamque
1158 2507 1342 2623 rependit

296 2620 496 2731 Mny'elus
513 2624 675 2706 alterna
704 2625 835 2707 vicem
854 2689 864 2720 ‚
897 2651 983 2707 cum
999 2625 1131 2740 Regia
1147 2625 1264 2712 CIR
1275 2623 1347 2711 CI

298 2737 531 2822 Conveuum
542 2736 741 2852 gradibus
760 2744 984 2820 veneratur
1001 2739 1193 2850 Purpura
1208 2739 1379 2853 vulgus,

235 2934 239 2941 ,
298 2851 541 2961 Afflustoqne
562 2879 674 2935 cnon
682 2849 875 2960 stellatus
890 2852 934 2933 iu
952 2848 1105 2935 aethera
1120 2852 1271 2948 vallis,

298 2960 442 3048 Plebis
457 2961 634 3049 adorate
655 2966 883 3050 REBOAT
904 2969 1160 3063 FRAGOR,
1193 2965 1435 3070 UNAQUE

310 3101 313 3107 ·
395 3093 495 3160 totos

297 3188 467 3275 Intonat
493 3190 711 3307 Augustum
734 3190 919 3301 Septeuis
935 3191 1108 3276 Vocibus
1123 3190 1291 3272 ECHO.

242 3390 249 3396 ’
302 3420 553 3503 PLAcmn
581 3411 994 3604 vorogormffim
1022 3354 1385 3494 NomlsMATA.

740 3584 745 3589 -
764 3548 836 3605 ΠΜ.
942 3586 950 3603 .

247 3728 250 3735 .
301 3641 504 3754 Inscriptio
530 3642 581 3722 D.
609 3636 659 3719 N.
688 3635 804 3717 PLA.
835 3631 1308 3719 VALENTINIANVS
1338 3636 1381 3715 P.
1401 3633 1440 3714 F.

247 3757 378 3841 AVG.
408 3751 605 3847 Numifina
620 3750 700 3834 hoc
729 3754 923 3867 pertinere
939 3747 1059 3833 docet
1073 3746 1123 3835 ad
1139 3742 1336 3833 Flauium
1346 3746 1449 3829 Pla·

1389 3854 1444 3936 ri-
