3316 4582
340 250 617 333 Dtssmramo
644 271 698 331 uu
722 244 902 329 Nomius
926 243 1253 335 Courouumms.
1332 259 1382 360 69

203 405 378 498 bolonis,
409 406 589 515 adeptam
609 465 620 493 ‚
652 403 915 512 Regnumque
934 383 1137 486 Armenia
1155 413 1258 519 Regi
1274 403 1387 492 Tiri·
1532 460 1535 465 ·

199 519 288 604 dati
305 515 537 600 restitutum.
593 518 687 623 Qua
705 518 862 595 fortuna
879 538 1120 627 quantopere
1139 521 1285 630 gaviius
1302 526 1385 604 fue-

198 644 278 727 rit‚·
304 631 529 741 Imperator
537 651 741 741 propterea
759 625 970 738 appellatus
981 692 991 721 ,
1002 628 1242 712 &Lauream
1253 640 1293 713 in
1311 637 1385 717 Ca«

199 745 340 860 pitolio
378 740 636 833 consecrans,
667 738 834 823 ostendit
862 738 1066 822 Tiridatis
1094 745 1195 854 apud
1211 744 1387 837 Dionem

200 859 265 942 seu
291 853 546 967 Xiphilinum
566 918 577 947 ‚
608 849 900 935 &Suetonium
920 853 1091 965 historia..
1108 853 1263 935 Bacchi
1290 884 1387 942 vero

201 970 429 1084 Triumphis
448 976 502 1050 ita
518 967 715 1052 Viciorias
740 964 822 1050 suas
842 962 1002 1052 vesanus
1018 965 1084 1049 ille
1103 976 1287 1084 aequipari
1315 997 1387 1057 vo.-
1449 1046 1451 1051 .

202 1084 287 1169 luit.
536 1084 538 1089 ’
1015 1112 1019 1119 ’
1334 1142 1336 1147 -

255 1202 341 1279 Hic
355 1217 486 1280 autem
511 1197 702 1277 Nummus
720 1223 769 1275 an
795 1194 900 1277 idem
924 1188 972 1277 stt
998 1221 1092 1277 cum.
1118 1191 1187 1277 illo
1213 1193 1255 1280 T
1248 1192 1387 1304 rcy'ani

201 1333 325 1423 typo,
356 1337 476 1419 quem
491 1312 751 1420 proferemus,
782 1329 828 1388 ut
843 1308 966 1390 modo
995 1306 1144 1405 dictum
1174 1309 1258 1401 est,
1289 1312 1386 1401 infe7

200 1433 280 1506 rius
296 1426 413 1505 Num.
433 1451 498 1502 xx.
518 1419 563 1502 &
583 1449 649 1500 xa.
676 1417 721 1501 &
738 1450 830 1501 Lxx.
859 1419 1015 1532 ambigo
1035 1457 1046 1516 3
1083 1417 1125 1501 T
1118 1419 1255 1531 rajani
1282 1443 1388 1503 certe
1415 1430 1418 1435 ’
1439 1470 1442 1477 ·

201 1532 365 1619 similem
381 1532 550 1616 delineat
568 1529 778 1626 Choulios,
808 1529 875 1613 ubi
892 1534 940 1616 de
960 1531 1114 1636 Bacchi
1141 1545 1218 1648 agit
1236 1534 1387 1617 Numis-
1510 1631 1514 1638 ,

202 1646 380 1730 motibus⁸
440 1645 484 1727 Id
502 1642 600 1738 scio,
622 1653 774 1838 Jgregie
793 1643 966 1726 illustrari
992 1674 1040 1728 ex
1057 1651 1259 1731 Marmore
1277 1647 1387 1756 quod

205 1758 326 1841 exstat
344 1756 444 1869 apud
465 1756 622 1862 Boiffar
649 1785 734 1852 um,
766 1756 880 1841 &ex
907 1756 975 1838 iilo
1000 1767 1156 1872 repetiit
1175 1760 1412 1868 Montfau-=
1508 1829 1510 1834 .
1628 1768 1631 1777 '

204 1872 340 1953 conius
360 1865 459 1952 Tab.
484 1898 600 1952 cun.
660 1873 762 1954 Nam
802 1871 855 1952 ibi
879 1871 1108 1954 Coronatus
1131 1877 1260 1955 Lau-ro
1288 1881 1387 1985 pari

199 1980 264 2068 'ter
285 1992 326 2065 in
343 1979 431 2097 biga
449 1978 729 2066 Pantherarum
746 1980 850 2065 sedet
868 1982 1075 2077 Bacchus,
1107 1984 1277 2067 adstante
1293 1984 1389 2066 alte-
1502 1986 1505 1992 ’
1539 2043 1544 2063 ,

202 2127 245 2180 ra
263 2102 398 2208 Figura
416 2098 616 2178 Coronata
633 2123 793 2205 quoque
804 2161 814 2189 ‚
826 2093 926 2203 laeva
935 2117 1094 2208 gerente
1106 2096 1386 2210 Cornucopiae‚

202 2211 342 2296 dextra
357 2236 452 2292 vero
471 2236 538 2292 vas
564 2216 760 2318 utrimque
790 2205 992 2303 ansatum,
1024 2209 1134 2318 quod
1160 2215 1249 2292 Deo
1267 2215 1390 2322 porri·
1465 2296 1468 2301 ,

202 2332 271 2439 git.
338 2326 522 2405 Accurrit
568 2326 705 2434 Figura
761 2322 938 2404 Sectmda
976 2327 1165 2413 Laureata
1199 2320 1411 2419 crotalum·

203 2434 374 2549 pulsans,
388 2437 526 2544 Tertia
546 2441 640 2514 item
657 2435 704 2516 ad
724 2433 866 2544 Capita
883 2433 1111 2527 Bestiarum,
1132 2433 1389 2533 norilituum,

204 2573 249 2632 ut
277 2551 347 2630 Vir
372 2548 526 2628 Dodius
551 2567 693 2657 putat,
733 2544 795 2627 sed
822 2546 971 2628 Pedum
998 2545 1189 2678 pastorale
1226 2570 1386 2645 tenens,
1462 2628 1467 2642 ,
1520 2608 1531 2643 ,,

154 2762 157 2769 .
207 2659 529 2768 quarta-denique
546 2665 687 2768 pariter
696 2656 1080 2755 Laureata,Tibiam,
1092 2659 1156 2744 vel
1166 2659 1394 2762 Tubamin-

212 2771 330 2864 flans,
362 2769 497 2852 eadem
513 2771 697 2883 praecedit
718 2770 926 2854 Animalia.
1303 2866 1306 2872 ,

263 2881 342 2967 Sub
364 2884 536 2964 Nummo
556 2889 596 2963 in
614 2888 788 2965 inferiori
810 2910 920 2996 parte
945 2883 1057 2968 exeso
1076 2887 1235 3002 vestigia
1263 2883 1395 2970 litera-¹

206 3025 294 3080 rum
310 2994 554 3079 barbararum
572 2996 763 3081 existimat
778 2995 889 3081 fitiffe
906 2999 1102 3094 Erizzo,
1133 3000 1242 3108 quod
1259 3021 1391 3097 tameo

205 3118 275 3194 vix
336 3105 520 3192 credibile
567 3108 755 3193 videtur..¹
817 3110 949 3194 Exstat
991 3111 1097 3223 apud
1146 3110 1261 3195 iilum
1303 3104 1396 3228 pag.
1432 3204 1435 3211 ,
1517 3193 1524 3200 .

214 3250 302 3325 107·
951 3323 956 3331 ,
1370 3314 1376 3329 .

264 3336 468 3420 Caeterum
484 3363 569 3420 non
585 3363 673 3422 uno
685 3336 850 3421 scemate
867 3334 914 3420 ab
923 3334 1090 3421 Nerone
1100 3337 1255 3450 aliisque
1274 3335 1396 3420 hosce
1478 3353 1481 3357 ’

206 3448 400 3532 Bacchici
418 3452 627 3564 Triumphi
645 3453 838 3536 Nummos
859 3449 976 3536 cusos
986 3477 1116 3568 patere
1136 3450 1287 3567 potest,
1306 3469 1393 3541 tum

209 3589 259 3643 ex
277 3566 457 3658 Numinis
475 3566 544 3645 inf.
565 3559 688 3646 Num.
708 3595 773 3647 xx.
793 3596 865 3649 xa..
878 3596 972 3649 Lxx.
1001 3566 1146 3657 allatis,
1168 3586 1314 3643 tumex
1333 3564 1392 3657 iri-

208 3672 297 3755 dice
316 3671 591 3770 Mediobarbi,
624 3683 693 3785 qui
710 3702 761 3759 ex
777 3676 866 3759 Ind.
889 3677 1048 3760 Palatio
1069 3685 1122 3755 ita
1144 3668 1391 3754 similem'd'e·

203 3779 338 3895 ¹scribit
358 3785 592 3871 Nummum:
625 3787 820 3882 „Currus
840 3816 866 3869 a
885 3781 1288 3896 duabusTigridibus
1304 3801 1392 3887 rra

909 3905 982 3994 la
1246 3961 1272 3994 ‚‚
1285 3899 1401 3996 uui,
