3316 4582
302 203 582 290 D1ssERrAT1o
614 238 666 292 ms
696 210 952 293 Amxmnm
979 206 1040 293 M.
1062 211 1331 293 NumsMAm.
1367 233 1416 316 35

213 358 374 459 „bena
395 367 634 472 praefhrunt
643 360 866 469 prefixam
894 378 1025 442 notam
1054 392 1106 444 ex
1134 368 1271 449 literis
1298 369 1352 451 P.
1372 369 1417 457 ὅ

219 536 248 574 ,,
261 473 314 555 E.
319 473 488 584 jundis
504 475 732 580 conflatam
763 477 806 556 in
825 474 923 555 aliis
947 475 1212 582 Remuseeelus
1228 483 1414 593 conspici-

216 648 248 686 ,‚
260 604 353 684 tur,
384 589 427 671 in
459 592 557 671 aliis
576 588 739 702 Signum
757 588 898 686 aliud;
930 613 1017 700 que
1035 588 1155 673 Note
1171 596 1412 709 plerumque

214 704 462 815 „argenteis
478 702 684 786 laminulis
703 700 918 810 artifieiofi
941 704 1105 812 replete
1113 708 1225 811 fient.
1282 711 1410 820 Repe-

63 878 77 889 ,
214 827 300 912 „Ire
318 816 523 926 quosdam,
553 815 689 901 neceb
706 818 867 912 antica,
889 842 959 898 nec
967 813 1118 926 postica
1125 826 1326 926 pereussos
1338 843 1411 905 eut

213 988 245 1026 ,‚
257 931 434 1011 marculo
441 928 641 1070 stgnatos,
663 927 924 1043 st’dfiguram
940 955 1075 1042 magno
1091 929 1223 1038 studio
1240 933 1283 1019 {5
1302 934 1408 1016 labo-

209 1100 247 1140 .„
259 1043 487 1150 reincistem
507 1044 763 1153 ostentantes,
796 1071 883 1156 que
902 1044 944 1125 in
971 1041 1217 1158 quibusdam
1237 1044 1412 1132 obdueeae

213 1159 349 1264 „fient
368 1160 571 1271 argenteis
587 1157 760 1240 laminis.
774 1222 799 1252 ,‚
861 1164 920 1240 Ex
940 1157 1079 1240 horum
1107 1165 1240 1268 itaque
1268 1168 1410 1272 prioris

207 1279 369 1382 generis
385 1285 548 1356 numero
573 1274 658 1354 haec
676 1271 754 1354 duo
774 1271 1013 1353 Numismata
1042 1265 1118 1352 effe
1146 1272 1329 1370 constat,
1363 1274 1409 1355 li-

103 1416 107 1421 ·
215 1399 310 1465 terae
330 1393 436 1466 enim
452 1394 506 1467 ita
523 1387 747 1489 conjun&ae
765 1383 852 1466 satis
875 1384 980 1466 clare
1008 1385 1276 1496 agnoscuntur.
1339 1389 1408 1470 fa-

219 1495 305 1579 cilis
323 1503 426 1580 foret
452 1505 742 1611 interpretati0‚
765 1491 1029 1608 fipun'Ctulae,
1064 1526 1152 1605 quae
1172 1506 1213 1581 in
1230 1522 1408 1583 extremo
1460 1532 1462 1539 ·
1489 1577 1493 1584 .

214 1608 338 1691 literae
365 1618 408 1692 Ε.
437 1610 753 1725 conspiciuntur,
785 1638 868 1691 non
895 1610 964 1691 illo
994 1618 1035 1693 in
1062 1610 1154 1692 loco
1187 1612 1403 1708 exstarent,

216 1748 352 1806 verum
370 1751 418 1806 ex
438 1727 596 1810 adverso
615 1723 767 1811 illarum
786 1721 995 1817 linearum,
1009 1752 1097 1831 quae
1116 1733 1156 1806 in
1176 1727 1304 1809 media
1320 1727 1406 1809 sunt

208 1835 345 1931 Nota,
377 1864 458 1946 quo
488 1842 605 1951 pfflo
633 1838 757 1918 literae
775 1836 927 1918 Graecae
945 1841 987 1918 P.
1007 1836 1052 1920 &
1071 1841 1124 1919 X.
1144 1845 1405 1949 exprimeren-

212 1968 301 2042 tur,
316 1955 586 2063 -Regnumque
602 1948 750 2057 Christi
776 1949 918 2062 (prout
934 1950 982 2033 ad
1000 1949 1172 2032 Honorii
1191 1955 1407 2037 Nummum

210 2062 407 2145 existimat
437 2060 584 2148 Clariff
604 2061 869 2172 Bendurius)
899 2063 1011 2172 quod,
1034 2088 1172 2146 omnes
1199 2063 1285 2146 istas
1308 2063 1402 2170 loeo

210 2172 459 2273 deturbavit,
491 2178 538 2263 &·
564 2175 735 2290 diffregit
754 2199 871 2285 atque
890 2177 1401 2272 comminuitMonarchias,

208 2285 488 2402 ⁴defignaretur.
545 2291 655 2375 Talis
674 2298 778 2373 enim
808 2288 929 2402 figura
958 2296 998 2370 in
1029 2295 1242 2371 innumeris
1259 2296 1401 2385 aureis,

210 2412 406 2514 argenteis
421 2466 434 2497 -,
468 2413 576 2487 aereis
603 2402 940 2511 constantinorum
976 2400 1218 2511 aliorumque
1252 2409 1402 2485 inveni·

214 2530 279 2597 'tur
299 2518 489 2599 Nummis.
549 2524 654 2600 Sicut
682 2518 785 2599 idem
803 2522 1128 2628 Monogramma,
1156 2514 1277 2628 globo
1303 2523 1404 2601 inter

216 2627 310 2711 duas
326 2626 499 2712 infistens
516 2630 641 2712 stellas
659 2627 797 2711 laureae
816 2627 1022 2724 inclusum,
1045 2637 1197 2824 egrefilie
1215 2629 1402 2744 conspici·

210 2747 315 2855 ¹citur
349 2749 390 2824 in
426 2771 542 2827 aureo
569 2741 725 2850 Justini
752 2746 956 2838 Nummo,
997 2743 1098 2855 apud
1170 2742 1401 2826 emelerieem

214 2853 314 2935 Tab.
325 2883 444 2939 Lx1v.
457 2857 684 2940 Posterioris
696 2882 856 2964 quoque
874 2863 949 2940 aevi
959 2859 1212 2968 Imperatores
1221 2856 1401 2965 Constan-

216 2966 494 3078 tinopolitani,
526 2967 641 3082 ipfius
659 2966 807 3076 Christi
826 3036 836 3065 ‚
868 2991 912 3053 ut
935 2991 1117 3083 poterant
1134 2973 1274 3053 faciem
1292 2970 1402 3055 aereis

211 3077 287 3164 suis
304 3085 485 3166 Nummis
503 3080 795 3197 impresserunt,
827 3081 1017 3191 illumque
1035 3089 1077 3164 in
1129 3082 1258 3164 osticis
1277 3081 1400 3167 Num·

203 3218 366 3279 morum
389 3199 543 3280 {uorum
578 3195 751 3309 partibus
785 3193 984 3306 saepiffime
1020 3216 1066 3305 ut
1092 3109 1400 3280 GICTOREM

211 3307 271 3389 IN
309 3312 607 3394 AETERNUM
651 3308 696 3395 &
734 3310 936 3392 REGEM
982 3310 1192 3393 REGUM
1227 3307 1396 3393 celebra·

205 3442 318 3504 rum.-
369 3428 516 3509 Verum
538 3453 659 3533 quum
681 3420 862 3507 constans
879 3420 1161 3506 Numihatum
1187 3423 1399 3507 delineatio
1482 3472 1485 3476 ·

207 3540 461 3648 virorumque
499 3545 576 3622 Rei
604 3540 845 3622 Nummariae
879 3542 1093 3649 peritomm
1127 3534 1394 3618 testimonium

204 3644 322 3733 ali'am
331 3645 1398 3766 Monogrammatisdentformam,potiusjudicoexpri-

201 3768 258 3843 mi
276 3761 417 3850 eodem
438 3764 502 3852 vel
519 3764 682 3852 faustam
699 3761 807 3849 illam
821 3759 1052 3956 solitamqul}
1070 3756 1210 3872 Populi
1227 3757 1400 3960 Reman}

204 3892 213 3936 ·'
1083 3897 1107 3951 2
1351 3901 1373 3955 a
