3316 4582
266 202 319 299 36
464 183 1300 287 S1cnsnnt1HnnchnM1³1

247 347 314 432 -ad
332 354 588 458 Imperatores
613 337 730 435 suos,
756 349 955 453 precipue
981 346 1021 420 in
1052 337 1237 427 Theatris
1258 343 1307 430 &
1333 344 1458 431 Ludis

128 542 131 547 .
163 557 167 566 ,
265 452 946 550 acclamationem‚Felicem-&nr
973 483 1150 552 nonan,
1169 468 1455 573 quaeexprima·

266 597 331 658 tur
354 581 396 654 in
423 570 484 652 his
509 571 689 651 Nummis
705 595 805 651 voce
824 570 1145 663 PERPETUO,
1176 577 1287 676 cujus
1306 571 1457 682 aliquot

149 680 151 687 ’
268 682 437 795 exsculpi
455 707 504 762 ex
520 685 867 793 Monogrammate
883 680 1041 795 poliunt
1060 681 1206 780 literae3
1237 683 1302 771 vel
1323 708 1458 770 notam

270 794 348 883 effe
372 791 542 878 artificis.
600 791 835 874 Perinthiis
862 803 968 877 enim
994 795 1178 906 affignare
1205 827 1289 880 non
1315 794 1457 894 ausim,
1526 786 1536 827 '

271 934 374 1022 quos
398 903 566 992 initiales
591 903 653 987 h'ae
678 905 832 1001 literae,
862 906 926 991 sed
946 905 1110 989 Latina
1135 903 1282 991 scilicet
1301 908 1461 996 exhibe·

270 1045 381 1116 rent,
412 1019 506 1100 licet
526 1018 694 1103 Zodiaci
711 1018 920 1103 duodecim
937 1016 1065 1132 figna,
1095 1044 1182 1128 quae
1199 1030 1341 1134 pariter
1356 1021 1403 1106 &
1420 1030 1464 1108 in

271 1130 444 1244 Trajani
462 1132 633 1240 quodam
652 1134 914 1215 Contorniato
933 1136 1105 1217 Nummo
1123 1142 1386 1242 reperiuntur,
1418 1143 1463 1220 in

273 1247 351 1332 alio
370 1242 604 1329 Alexandri
619 1239 767 1357 Severi
788 1243 928 1328 Graan
948 1310 957 1340 ,
989 1274 1080 1329 cum
1112 1241 1312 1329 clariffima
1327 1247 1461 1332 Inscri-

273 1368 411 1476 ptione
430 1381 662 1442 nurmomu
688 1383 723 1443 n.
748 1382 976 1469 utononnu
998 1385 1137 1447 innon
1170 1358 1336 1443 exstenti

750 1470 864 1560 Num,
894 1476 941 1551 ΙΙ
954 1478 984 1558 Ι.
1211 1535 1216 1540 .

330 1579 565 1673 Alexandri
582 1579 730 1694 Magni
748 1585 878 1666 Facies
894 1590 936 1665 in
955 1611 1004 1668 eo
1020 1616 1042 1668 a
1059 1593 1177 1699 priori
1197 1607 1298 1699 typo
1317 1577 1466 1682 differt,

302 1697 386 1781 uod
412 1716 529 1808 caput
547 1693 672 1777 Fascia
689 1691 775 1784 ¹sive
792 1695 1022 1800 Diademate
1050 1696 1192 1780 habeat
1222 1700 1468 1793 revinetun,

275 1725 472 1895 {atinam
497 1830 684 1920 praeterea
707 1805 1034 1920 Inscriptionem,
1064 1810 1111 1895 &
1138 1840 1160 1892 a
1185 1809 1331 1923 postica
1358 1833 1470 1921 parte

275 1920 431 2038 raptum
447 1918 710 2019 Sabinarum
741 1928 810 2029 qui
828 1920 931 2005 idem
947 1945 1068 2037 typus
1084 1928 1256 2004 occurrit
1282 1929 1324 2004 in
1343 1925 1467 2003 Num-

275 2065 345 2122 mo
371 2033 569 2118 Antonini
596 2032 674 2115 Pii
700 2059 749 2115 ex
777 2032 1002 2117 testimonio
1029 2033 1252 2118 Vaillantii
1279 2060 1365 2146 pag.
1400 2038 1466 2135 762

133 2220 145 2251 ,
279 2150 385 2238 Edit.
403 2175 460 2260 pr.
478 2156 520 2232 in
537 2152 591 2254 4⁰.
608 2169 654 2230 ut
671 2144 716 2232 &
735 2144 990 2230 Centnrniata
1007 2175 1167 2258 quoque
1186 2145 1376 2240 Neronis,
1405 2154 1464 2229 in-

279 2267 398 2353 ferius
416 2263 533 2344 Num.
553 2261 670 2343 XIX.
699 2266 885 2369 quoniam
904 2259 1049 2343 scilicet
1074 2269 1175 2343 inter
1201 2268 1324 2373 prima
1341 2266 1474 2353 incre,

134 2430 137 2435 -
278 2398 413 2462 menta
427 2380 616 2486 potentiae
633 2372 820 2456 Romana
838 2376 913 2457 fuir
929 2373 1016 2458 haec
1035 2378 1151 2470 fraus,
1171 2371 1216 2459 &
1232 2371 1361 2456 secuta
1378 2370 1469 2455 inde

135 2540 137 2545 >
280 2516 373 2574 cum
388 2485 552 2570 Sabinis
568 2483 744 2570 societas.

397 2603 407 2611 “
730 2600 844 2682 Nutu.
873 2604 942 2686 1v.
971 2605 1023 2686 V.

286 2788 290 2796 .
337 2713 561 2820 Sequuntur
590 2708 674 2793 duo.
698 2709 867 2815 ejusdem
892 2713 1128 2799 Alexandri
1154 2718 1345 2809 Nummi,
1382 2739 1474 2796 cum

279 2822 530 2937 inscriptione
549 2830 646 2905 item
663 2821 841 2920 Latina,
873 2831 915 2907 in
931 2826 1073 2936 quibus
1094 2833 1223 2942 Caput
1241 2834 1388 2910 Leonis
1406 2853 1473 2935 ex·

280 2957 441 3021 ornatur
457 2932 599 3049 spoliis.
618 2933 733 3019 Alter
751 2936 892 3020 horum
911 2944 952 3020 in
967 2940 1114 3052 postica
1130 2962 1240 3054 parte
1249 2945 1388 3023 Virum
1406 2963 1473 3016 ex·

279 3048 392 3135 hibet
407 3047 573 3133 stantem
583 3054 699 3154 juxta
716 3053 892 3158 Equum,
925 3078 947 3134 e
964 3061 1124 3165 regione
1149 3053 1236 3136 duae
1257 3050 1345 3134 sunt
1365 3052 1404 3128 Fi
1459 3091 1475 3106 -

280 3189 358 3256 rae,
389 3160 509 3246 altera
537 3160 662 3258 stans,
693 3161 812 3246 altera
839 3161 984 3248 sedens.
1013 3160 1288 3250 admirantibus
1324 3156 1406 3242 suni
1423 3180 1476 3238 es.

281 3277 476 3364 Nummus
493 3271 590 3356 alter
607 3272 713 3357 Salis
732 3277 899 3359 Currum
916 3274 1086 3360 exhibet.

340 3385 466 3497 Quod
491 3385 541 3468 ad
562 3385 739 3470 Primum
764 3395 939 3483 attinet,
968 3385 1109 3485 illum,
1139 3411 1185 3472 ut
1217 3396 1260 3469 in
1278 3382 1480 3467 Thesauro

283 3497 532 3588 Maracenico
550 3497 764 3582 exstantem
772 3507 897 3582 citans
905 3498 1106 3607 Nieastns,
1126 3510 1169 3586 in
1182 3495 1490 3604 Differentiam·

285 3611 334 3694 de
359 3611 528 3697 Numina
557 3608 767 3694 Hadriani
783 3609 971 3696 Pantheo
993 3640 1079 3728 pag.
1115 3643 1175 3698 11.
1205 3610 1397 3697 existimat
1424 3636 1485 3693 re.-

284 3730 514 3842 presentare
530 3723 812 3814 Alexandrum
834 3723 904 3815 sibi
921 3726 975 3816 de
988 3726 1144 3817 domito
1156 3723 1397 3839 Bucephala
1414 3751 1482 3806 co·
1504 3726 1506 3732 ’

1395 3861 1481 3922 tam
