3316 4582
279 224 366 301 106
467 217 823 300 Srenrrnrt
879 218 1328 309 anunenmrt

283 401 358 461 nes
384 381 544 458 vincere
580 393 699 481 atque
735 373 917 458 occidere
949 371 1107 457 solebat.
1171 380 1361 466 Meminit
1397 387 1484 486 eine

286 488 513 597 Pausanias
528 485 651 568 Libro
663 513 698 568 1.
717 514 803 601 pag.
816 489 919 573 Edit.
930 493 1000 572 Gr.
1019 491 1080 574 W
1075 486 1155 574 ech.
1170 492 1307 590 13.ub·i
1329 493 1483 579 Chaeri-

290 605 374 688 lnm
391 598 676 707 Aehenienfem
689 595 875 715 stripsrll'e
893 610 967 698 ait,
1008 601 1238 712 Cercyonem
1259 606 1306 694 &
1322 599 1482 718 Tripto-

288 720 431 803 lennnn
446 718 583 797 fratres
597 711 775 796 fuiffeex
792 713 1104 824 Amplniinenis
1119 717 1304 816 Filiabus,
1334 744 1485 837 patrem

285 858 387 916 vero
421 824 662 937 Triptolemo
697 824 809 910 baille
841 827 1097 924 leaenam,
1131 831 1326 939 Cereyeni
1353 858 1489 921 autem

290 943 537 1054 Neptunum.
593 933 670 1024 (mi
693 939 882 1049 Cercyeni
906 942 1029 1026 filiam
1052 943 1151 1026 dicit
1174 944 1286 1029 fitille
1304 949 1487 1058 Alepen,

289 1084 343 1141 tx
373 1083 451 1167 qua
479 1057 693 1165 Neptunus
713 1050 893 1168 genuerit
916 1052 1236 1166 Hippethn'e'ma,
1266 1058 1389 1143 Libro
1417 1090 1485 1144 eo-

292 1171 385 1255 dem
408 1195 494 1283 pag.
523 1199 561 1274 4.
589 1175 674 1250 lmo
698 1176 801 1251 circa
827 1167 949 1252 finem
965 1167 1086 1257 Libri.
1115 1197 1149 1251 1.
1165 1167 1229 1253 seu
1245 1197 1329 1286 pag.
1354 1201 1415 1275 37.
1436 1173 1488 1256 ab

285 1284 446 1393 'Alnpes
460 1280 637 1375 tumulo,
658 1280 721 1363 sua
735 1287 950 1375 etiamnum
962 1305 1103 1394 ¹aeuue,
1124 1311 1207 1368 non
1224 1283 1342 1398 longe
1357 1284 1486 1368 abesse
1598 1382 1600 1385 ¹

292 1404 349 1482 alt
373 1396 537 1488 locum,
577 1399 647 1503 qui
672 1392 882 1500 Cercyonis
907 1392 1104 1502 Palaestrn
1128 1396 1368 1510 appelletur,
1416 1396 1486 1482 ubi

293 1506 495 1594 dicebatur
514 1505 684 1614 Cercyen
701 1534 863 1603 ornnes,
894 1517 963 1619 qui
978 1507 1083 1594 luua
1099 1507 1229 1595 secum
1256 1508 1487 1608 uertallent,

287 1617 504 1715 eccidisse,
535 1641 676 1734 preter
691 1617 884 1728 Theseum
898 1643 1053 1718 tamen,
1083 1651 1206 1733 aquo
1226 1622 1399 1708 iuuandi
1427 1633 1488 1708 in·

295 1743 431 1858 primis
465 1755 547 1817 arte
582 1735 699 1816 fitetit
732 1731 940 1847 superatus.
998 1734 1244 1820 Palaestrieen
1278 1746 1384 1820 enim
1409 1745 1489 1850 pri-

135 1918 139 1930 ,
296 1877 384 1934 mus
403 1842 592 1941 inveniffe
615 1847 759 1930 dicitur
777 1844 970 1955 Theseus,
1001 1847 1048 1933 &
1071 1847 1124 1932 ab·
1147 1877 1197 1932 eo
1221 1852 1398 1963 profetsta
1416 1855 1489 1931 Pa-

205 1992 206 1996 ‘
298 1962 542 2047 laestritatum
555 1957 766 2073 disciplina.
1260 1969 1272 1990 ·

358 2080 491 2183 Hujus
524 2081 657 2184 itaque
693 2072 878 2184 Neptuni
912 2071 985 2156 filii
1021 2072 1228 2182 Cereynnis
1254 2071 1322 2154 hic
1348 2076 1491 2186 propass

300 2197 382 2308 gari
417 2195 646 2274 memoriam
679 2186 889 2282 existimo,
928 2193 991 2268 cui
1023 2214 1106 2269 non
1141 2194 1263 2268 miror
1300 2185 1492 2269 Caracal-

301 2306 387 2387 lum·
417 2300 661 2386 assimilatum
692 2296 834 2394 fuisse,
874 2306 1000 2383 virum
1035 2321 1187 2381 trucem
1220 2296 1266 2381 &
1301 2297 1496 2407 Neptune

294 2418 385 2532 ipso
405 2422 677 2511 immitiorem
709 2411 788 2498 slve
805 2411 884 2527 ipse
906 2413 971 2494 hic
999 2413 1403 2495 CERCYONTIUS
1433 2412 1493 2496 di·
1608 2511 1609 2514 p

306 2538 345 2613 ci
362 2527 553 2623 voluerit,
584 2524 663 2611 five
680 2523 919 2637 sequioribus
937 2521 1178 2640 temporibus
1196 2525 1289 2608 huie
1316 2523 1492 2610 Athletae

305 2641 544 2762 potissimum
561 2643 684 2724 filerit.
702 2661 956 2753 comparatur.

234 2763 238 2769 ’
362 2759 486 2836 Hunc
503 2779 600 2835 vero
610 2752 656 2835 N
659 2783 834 2837 nmmum
852 2748 945 2837 eum
968 2749 1092 2837 tribus
1117 2749 1364 2861 sequentihus
1394 2749 1498 2835 The·

294 2869 421 2982 finano
437 2864 593 2949 Parni
606 2891 810 2980 aecepnam
828 2871 1006 2962 ferimus,
1035 2873 1145 2972 majus
1160 2875 1417 2978 magnanimae
1434 2866 1492 2948 di-

295 2979 479 3096 ligentiae
496 2975 525 3062 fi
541 3006 616 3096 pro
632 2986 833 3178 iispratim
845 3005 1023 3094 agarnas,
1053 3007 1137 3062 non
1154 2979 1312 3062 inutiles
1330 2978 1497 3062 fortaffis

310 3090 674 3196 erimusdebitores.
698 3093 882 3182 rvicifflm
899 3093 1028 3179 lucem
1043 3090 1214 3204 aliquam
1231 3090 1306 3175 illis
1322 3117 1394 3208 pro
1410 3084 1497 3170 usu·

292 3214 352 3297 aa
368 3209 636 3294 accendamus.

294 3351 297 3354 ’
577 3352 585 3365 ·
754 3322 798 3396 N
808 3341 889 3395 um.
916 3339 1057 3392 ωτι.

366 3417 505 3506 Filium
522 3419 644 3506 modo
659 3415 864 3503 babuimus
881 3417 1134 3520 Cereynnnn,
1165 3438 1283 3521 quam
1306 3405 1410 3494 bene
1437 3405 1499 3493 illi

309 3559 419 3651 pater
428 3535 648 3647 Neptunus
667 3538 844 3644 jungitur
862 3529 879 3624 l
918 3533 988 3638 qui
1010 3521 1183 3642 perculsa
1208 3524 1369 3609 tridenti
1395 3546 1503 3606 terra

312 3656 470 3759 Equum
487 3649 642 3744 elicuit,
670 3667 789 3756 atque
808 3645 887 3741 hic,
906 3667 951 3728 ut
968 3670 1162 3753 equorum
1177 3639 1363 3736 domitor,
1393 3642 1501 3721 fero-v

312 3789 400 3851 cem
426 3762 630 3854 Cuballum
653 3758 908 3883 capistratum
933 3757 1037 3847 lava
1067 3778 1200 3855 tenet,
1228 3754 1366 3843 dextra
1400 3776 1502 3837 veru

764 3941 768 3949 .
1208 3904 1209 3908 “
1385 3891 1502 3951 apro.
