3316 4582
345 223 621 303 Drssunrnrro
649 245 702 298 nx
726 218 904 299 Nonius
930 214 1257 306 Couroxurxns.
1328 253 1403 330 125
1520 229 1523 234 ’

218 372 333 484 '’pho·
355 395 519 452 currum
545 367 722 469 extitiffe
742 383 915 479 quotuor
940 367 1076 449 cervis
1086 369 1303 477 junctam,
1332 376 1405 487 qai

218 485 363 590 ”fuiffe
388 481 595 563 dicebatur
623 480 749 591 Regis
775 477 1021 576 Gothorum,
1070 484 1292 592 Vopist‘os:
1329 485 1402 572 nisi

216 606 239 681 '.'
249 596 359 705 quod
375 622 521 676 cornua
540 591 615 675 esse
631 591 862 678 existimavit
879 591 1033 675 Stroda
1051 659 1061 689 ,
1100 596 1240 708 palmae
1257 605 1403 684 fuerint

216 717 440 816 ”equorum
457 703 645 818 capitibus
663 701 813 799 affixae,
844 726 889 788 ut
914 711 955 787 in
980 704 1064 810 aliis
1089 710 1403 821 conspiciuntur,

217 828 416 902 ”maxime
443 818 639 910 Neronis,
674 826 742 925 qui
769 815 1028 924 Euthymiom
1044 825 1201 932 praefett
1218 828 1259 902 in
1275 825 1402 908 aversa

215 940 237 973 '’
248 937 366 1027 facie,
398 929 443 1015 &
460 938 502 1012 in
518 958 570 1012 eo
586 955 704 1039 quem
732 938 773 1012 in
799 929 974 1013 Honorio
999 929 1291 1044 descripsimus,
1333 945 1403 1044 qui

217 1054 368 1136 ”PAN
379 1062 421 1136 N
430 1060 519 1135 ΟΝ
532 1061 549 1131 I
575 1060 617 1132 N
628 1059 754 1138 IKA,
770 1071 858 1236 pro
874 1041 1123 1155 inscriptione
1139 1051 1305 1159 praefert.
1332 1048 1402 1141 Se„

214 1164 370 1242 ''vorus
386 1167 427 1242 in
443 1155 624 1266 Epistola
648 1158 697 1241 ad
714 1155 770 1245 Sa
788 1157 903 1238 uiam
911 1190 926 1237 .·
954 1155 1111 1239 Scimus
1130 1161 1233 1240 enim
1246 1162 1400 1268 palmi·
1519 1188 1522 1200 ¹

214 1278 356 1384 ”garos
381 1269 563 1384 bijuges,
604 1269 671 1351 ubi
698 1271 719 1348 ἑ
739 1267 854 1352 Circo
881 1270 1136 1372 reoefferiot‚
1168 1272 1403 1384 quietifflme

212 1391 235 1420 ”
233 1384 448 1492 stabulari.
505 1381 607 1463 Illos
632 1409 705 1464 non
716 1380 843 1493 jugis*
863 1379 1068 1491 formido,
1108 1410 1182 1465 nort
1206 1385 1400 1499 ambigua

216 1500 389 1606 ”palma
397 1495 652 1603 sollicitant,
673 1492 753 1602 sed
765 1491 914 1576 demum
927 1496 1094 1603 pacatis
1108 1495 1238 1598 adfixi
1246 1503 1397 1607 praese·
1520 1583 1521 1586 t

213 1616 235 1646 ’⁹
236 1609 383 1715 pibus,
415 1604 662 1716 timorejam
686 1605 865 1713 nesciunt
893 1604 1154 1703 hortatorem,
1187 1609 1263 1698 &a
1301 1615 1397 1696 Cer-

213 1726 234 1757 ’'
247 1748 317 1803 vos
334 1744 463 1805 autem
479 1721 671 1825 ejusmodi
682 1734 948 1830 exarantem,
965 1721 1170 1828 palmatos
1179 1747 1296 1806 vocat
1311 1724 1394 1834 Ju-

213 1835 327 1914 ''lias
352 1833 602 1943 Capitolinus
628 1842 669 1918 in
696 1834 921 1917 Gordiano:
949 1861 1116 1943 quorum
1141 1834 1288 1918 scilicet
1307 1866 1394 1922 cor-

174 2033 177 2039 ,
209 1949 234 2026 .’²
242 1976 318 2030 nua
334 1946 475 2030 natura.
484 1946 604 2033 finxit
620 1954 661 2030 in
677 1947 834 2061 palmas.
875 1951 1221 2069 Movnogrammata
1248 1978 1330 2033 non
1349 1979 1395 2034 o·

211 2062 378 2143 ”mnino
397 2061 531 2145 eadem
551 2058 636 2143 sunt
654 2069 801 2169 quaein
818 2085 941 2153 aereo,
972 2085 1061 2166 quae
1078 2056 1131 2139 ob
1148 2069 1297 2142 nummi
1314 2067 1394 2144 for·-

208 2176 331 2256 '’tean
348 2181 599 2288 exiguitatem
617 2173 719 2271 haud
737 2170 836 2257 bene
854 2168 1033 2288 expressit
1048 2175 1401 2271 Monetatiusmut'

205 2289 368 2370 ”minus
384 2295 559 2401 percepit
577 2286 610 2370 S
608 2285 745 2370 trodo.

292 2404 395 2480 Haec
419 2403 496 2512 ipsa
527 2400 670 2513 Coegit
705 2398 824 2485 verba
847 2400 913 2484 ubi
939 2400 1124 2514 produxit
1155 2397 1400 2483 Boudorius‘

205 2536 291 2622 pag.
321 2538 411 2616 574.
459 2519 517 2594 Ita
533 2522 670 2626 pergit.
692 2534 722 2610 ‚,'
751 2520 854 2596 Haec
875 2513 1209 2627 CLDocangios,
1241 2513 1287 2599 &
1304 2521 1390 2622 qui·

209 2685 236 2715 ,‚
265 2623 355 2708 dem
380 2626 508 2718 recte,
539 2649 584 2708 ut
608 2653 701 2710 mea,
718 2631 798 2709 fert·-
825 2634 983 2740 opinio,
1014 2624 1091 2710 nist·
1112 2627 1228 2736 quod,
1247 2626 1388 2708 Ploci-
1468 2631 1471 2636 '

208 2798 235 2829 „
254 2732 360 2816 diam
376 2760 466 2818 ante
483 2766 628 2821 annum
645 2767 858 2822 ccccxxrr.
876 2739 1092 2852 Augustam
1115 2737 1297 2853 recepisse
1322 2767 1388 2853 apn

206 2909 234 2941 „
255 2845 528 2959 pellationem,
544 2878 678 2960 eoque·
689 2881 792 2935 anno
801 2852 1056 2955 Bomfhciom
1064 2853 1253 2958 Africam
1269 2881 1397 2935 occu-

152 2986 160 3007 ·
205 3021 232 3055 „
251 2957 367 3070 pass'e,
379 2958 557 3072 bellaque
571 2965 676 3047 hunc
692 2963 1086 3049 inter&Plocidiaro
1103 2961 1398 3047 intercecissrffe

204 3134 231 3167 ,‚
252 3079 446 3186 integrum
462 3080 590 3158 ferme
608 3076 840 3159 decen-nium
863 3076 1003 3158 scribit.
1041 3079 1235 3159 Nimirum
1244 3075 1390 3157 Proct-

203 3246 230 3280 „
248 3181 501 3298 dioAugusta·
514 3188 622 3271 dieta·
636 3188 691 3271 est
708 3187 755 3270 ab
763 3187 939 3269 Honorio
947 3194 1075 3270 fratre
1085 3216 1189 3271 anno
1206 3216 1392 3275 ccccxxx,

203 3359 229 3393 „
250 3302 373 3381 Anno
388 3298 563 3409 sequenti
587 3300 839 3407 Bonifhoius,
859 3329 955 3384 cum
966 3298 1147 3410 castinus
1164 3309 1248 3407 ej'us
1264 3302 1384 3384 socie·
1422 3369 1425 3374 .

202 3473 229 3506 „
251 3432 373 3494 tatem
389 3421 431 3494 in
447 3412 747 3497 administrando
765 3411 871 3496 bello
898 3412 1077 3500 adversus
1096 3414 1305 3497 Vandalos·
1322 3438 1382 3491 re-

202 3585 231 3616 „
247 3512 428 3711 spuisset,
476 3533 518 3608 in
534 3527 722 3632 African
748 3525 904 3613 seceffit.
957 3533 1050 3611 Erat
1083 3551 1172 3608 tum·
1193 3520 1391 3607 Placidia

201 3695 229 3726 „
263 3649 395 3717 ummo
413 3645 454 3718 in
471 3638 622 3720 honore
632 3638 732 3750 apud
746 3645 936 3731 Fratrem,
955 3640 1021 3721 sed
1029 3665 1132 3719 anno
1143 3661 1388 3716 ccccxx111..

198 3806 230 3842 „
248 3739 457 3831 stmultates
472 3755 573 3834 inter
602 3776 677 3836 coe
699 3774 869 3845 exortae,
897 3776 1009 3858 paene
1034 3755 1076 3829 in
1101 3769 1283 3859 apertum
1300 3744 1383 3830 bel·

879 3862 974 3968 Qu
1302 3857 1392 3944 nm
