3316 4582
243 223 326 320 136
454 211 1296 308 sicaniarriiivracrum

469 372 723 454 *SEVERI
780 370 1165 488 ΝυΜΙΒΜΑΤΑ.ι

445 597 455 613 .
691 529 803 612 ΝυΜ.
831 533 961 613 LXII.

232 637 236 645 ’
304 642 467 729 Athleta
482 642 548 724 hic
565 637 698 726 vifitur
713 642 850 725 dextra
866 639 1055 755 infignam
1069 641 1245 728 ‘Palmam
1273 668 1424 744 tenens,

172 790 175 797 ’
239 759 347 841 ‘laeva
375 763 530 867 Equum
562 754 719 837 ducent.
778 754 895 866 Apud
928 757 1183 837 Panvinium
1206 763 1426 874 ‘Epigraphe

233 873 335 955 ''haec
354 868 488 952 exstat.
546 869 1015 952 SEVERIA'VGVSTI.
1044 868 1090 953 &
1119 874 1280 955 inferius
1309 878 1345 955 S.
1374 874 1428 955 C.

235 990 436 1095 'quoniam
453 1004 584 1064 autem
599 979 696 1062 mihi
714 980 823 1063 certo
834 987 975 1064 certius
982 981 1193 1094 persuasum
1205 984 1272 1078 est,
1286 980 1326 1067 i'n
1338 983 1429 1096 ipsrs

239 1101 428 1180 ,Nummis
446 1122 496 1176 ne
513 1101 662 1206 apicem
688 1093 846 1202 quidem
862 1094 1002 1176 'harum
1016 1093 1214 1177 literarum
1235 1104 1426 1194 inveniri,
1544 1180 1549 1185 .

248 1209 397 1294 easdem
413 1207 551 1290 delevi.
610 1212 726 1287 Error
743 1205 839 1286 mihi
859 1206 950 1288 inde
969 1207 1122 1290 videtur
1141 1230 1255 1290 natus
1277 1273 1287 1302 ‚
1319 1212 1430 1318 quod

101 1414 104 1421 1
185 1406 193 1419 .
231 1322 314 1407 uel
332 1320 407 1433 ipse
426 1317 683 1412 Panvinius,
715 1317 779 1400 vel
798 1326 866 1427 qui
885 1317 1000 1401 hosce
1027 1319 1083 1400 llli
1108 1318 1427 1419 subministravit,

248 1436 296 1518 ad
315 1437 574 1519 Nummorum
591 1431 732 1511 horum
748 1431 1051 1514 delineationem
1068 1430 1300 1546 adscripserit
1320 1499 1330 1529 ‚
1362 1464 1430 1519 cu-

243 1555 309 1650 jus
326 1542 483 1626 Caesaris
503 1541 656 1626 Averlae
669 1543 735 1624 'hae
754 1544 888 1627 Partes
903 1541 1049 1643 essent,
1079 1544 1274 1656 &quales
1300 1575 1431 1633 earum

199 1658 202 1667 ’
234 1659 525 1769 ‘Inscriptioues'
538 1663 579 1737 in
596 1652 778 1740 Adversis
795 1657 1009 1754 ex‘starent3
1030 1658 1346 1772 Chalcographus
1364 1688 1429 1744 ve-

233 1799 294 1854 ·10
311 1776 538 1853 Litaraturae
556 1776 683 1851 omnis
699 1768 823 1864 rudis,
845 1769 893 1851 ad
912 1767 1076 1853 Aversas
1102 1779 1219 1852 etiam
1236 1781 1431 1886 pertinere
1485 1801 1488 1804 ⁴

73 1987 75 1991 ‚
247 1892 358 1993 ratus]
368 1879 504 1980 ..simul
521 1909 611 1966 cum
629 1887 774 1996 Figuris
791 1888 833 1962 in
852 1880 986 1964 iisdem
1003 1883 1194 1994 exprelsrt.
1237 1915 1249 1937 ·

235 2006 240 2017 '
332 2020 342 2081 '.
487 2028 495 2037 ·
686 1992 810 2077 Num.
836 1998 989 2089 LXIII.
1058 2087 1061 2093 ,
1409 2082 1412 2087 ,

235 2120 243 2127 ’
306 2109 360 2193 ld·
369 2110 476 2220 quod
494 2104 596 2204 dixi,
625 2104 712 2189 satis
728 2106 859 2219 aperte
877 2106 1152 2191 hic‘Nummus
1169 2108 1358 2202 declarat,
1387 2116 1433 2192 in

238 2216 328 2333 'quo
345 2218 713 2335 dextraFlagellum,
723 2242 881 2314 tenens,
908 2217 1011 2304 laeva
1026 2219 1218 2315 Palmam,
1233 2221 1434 2332 Qadriga

236 2334 495 2449 ,Triumphali
521 2338 738 2428 ¹Hieronica
762 2332 928 2417 vehitur.
986 2335 1125 2443 Quum
1142 2339 1247 2414 enim
1276 2333 1433 2429 Averl'ae

235 2448 362 2551 *hujus
379 2441 505 2528 Partis¹
526 2440 742 2559 Ep'lgraphe
763 2442 857 2539 elset
880 2448 1129 2529 DOMNVS.
1158 2449 1429 2545 PHILOCO·

235 2563 397 2652 ‘MVS,.·
424 2566 438 2638 i
466 2559 502 2649 se
527 2554 660 2640 autem
683 2554 874 2656 Nummus
900 2557 1061 2642 haberet
1099 2567 1142 2642 iu
1168 2563 1292 2641 Priori
1317 2565 1433 2642 Parte

248 2668 396 2762 Severi
422 2587 583 2785 ἔφηὴ
621 2669 803 2789 Sculptor
822 2678 882 2754 in
908 2671 1043 2756 infima
1070 2700 1157 2755 area
1176 2700 1267 2793 uon
1283 2671 1433 2789 dubita-

233 2791 309 2868 ‘vit
323 2778 506 2878 scribere,
527 2786 723 2869 SEVERI
740 2787 999 2881 AVGVSTI.
1017 2784 1062 2870 δε
1077 2814 1129 2869 ne
1146 2814 1222 2896 qua
1232 2793 1452 2901 imperitiae.

238 2894 395 2981 deellet
411 2900 518 2980 Nota
529 2962 538 2992 ,
551 2898 691 2982 addere
702 2902 739 2997 S.
749 2901 796 2982 C.
806 2897 1150 2985 &Numerumva
1180 2897 1277 2982 srcut
1293 2899 1436 2982 ibidem

237 3020 388 3106 Jornnes¹
401 3010 565 3097 Numeri
580 3011 686 3109 malo
697 3008 876 3123 exemplo
886 3017 949 3094 ini
978 3008 1065 3094 fisa
1082 3013 1293 3105 Paenvinio
1312 3015 1433 3093 Num·

246 3132 322 3233 mis
340 3122 633 3237 exprimuntur,
661 3126 770 3237 quod
789 3128 888 3208 infra
902 3153 930 3210 v
986 3125 1066 3207 alio
1080 3124 1173 3245 loeo
1190 3122 1276 3226 fieri
1291 3117 1433 3222 debue-

246 3259 317 3320 rat.
482 3272 518 3281 ··
981 3258 985 3269 ·

237 3364 243 3373 ’
303 3342 574 3436 {Damnarhic
600 3326 762 3430 celebris
784 3328 899 3426 ¹fuiile
925 3326 1083 3426 videtui
1104 3345 1283 3454 tempore
1312 3338 1433 3423 Seve-

238 3465 310 3560 ri,
343 3472 453 3570 cujus
469 3463 514 3549 δι
532 3466 648 3541 Uxor
664 3458 839 3549 Damna,
861 3454 926 3536 seu
942 3450 1067 3563 Julia
1084 3454 1248 3537 Damna
1268 3455 1434 3571 appella·

135 3582 138 3587 ’
245 3581 401 3673 tatuit,
432 3597 477 3658 ut
493 3590 651 3684 apparet
669 3597 721 3653 ex
738 3566 1013 3677 hoc-Oppiani
1031 3566 1161 3666 versu,
1177 3597 1276 3682 ‘quo
1305 3577 1345 3654 in
1365 3577 1436 3653 ini-

247 3694 306 3773 tio
325 3693 467 3807 Operis
483 3682 538 3770 sui
555 3681 767 3794 alloquitur
783 3679 929 3768 Severi
936 3680 1095 3779 fillum,

1374 3893 1437 3947 Aa·
