3316 4582
281 231 578 328 'Dtssnurarto
606 260 659 324 ma
689 239 939 324 Aenianum
965 241 1028 322 M.
1047 239 1317 322 Numrsmnrn.
1376 266 1426 347 41

227 395 287 480 ale
304 386 369 481 hic
389 405 476 510 rupi
496 390 661 504 insidet)
690 389 1100 504 ArimazossSagaliano
1125 392 1309 481 tu'tiffima
1327 373 1424 477 con·

227 509 302 593 -fiso
319 534 452 624 petra,
485 515 718 619 rogantique
739 527 791 588 un
808 504 1046 588 Alexander
1060 505 1311 588 VOLARE
1324 526 1421 616 pas·
1495 556 1497 567 ‹

92 649 97 658 ·
177 622 181 628 ’
225 625 316 731 set,
348 622 449 750 apud
468 620 654 705 Curtium
669 617 756 702 Lib.
777 646 866 705 v11.
887 622 945 702 Ca
976 645 1066 700 .·x1.
1095 617 1263 701 ostendit
1280 621 1423 702 Mare·

229 734 351 817 danes
368 752 496 837 etiam*
507 735 555 817 V
548 731 758 816 OLARE
768 799 778 829 ‚
797 731 856 816 ·&
879 732 930 814 Pr
967 729 1139 813 NNAS
1160 729 1424 817 HABERE
1578 750 1580 757 ’

235 850 391 931 milites
406 846 639 930 Alexandri
662 884 673 946 ;
704 840 871 931 rino&
898 841 1173 959 cupiditatibus
1192 845 1328 928 vilius
1355 847 1421 931 est.

236 961 408 1047 Voluere
431 989 525 1047 vero
555 969 605 1044 in·
622 962 702 1044 hoc
729 957 967 1050 Numismate
1001 957 1148 1041 exstare
1174 964 1273 1069 tanti
1299 964 1423 1073 Regis

228 1075 315 1158 ,hoc
330 1074 573 1189 exemplum,
589 1082 670 1185 quo
687 1080 807 1156 tacite
826 1079 1084 1185 Imperatores
1100 1068 1424 1154 Romani··admo·

233 1212 417 1272 iterentur
437 1252 448 1285 ,
495 1187 738 1298 aequabiliter
772 1214 953 1300 magnam
978 1189 1177 1267 fortunam
1200 1188 1332 1278 ferre,
1375 1183 1422 1270 δε

232 1301 411 1385 Athletae
440 1301 518 1405 (ad
535 1302 613 1383 hos·
628 1308 733 1382 enim
753 1296 895 1384 similes
911 1302 1105 1384 Nummos
1132 1295 1334 1412 respexisse
1350 1325 1423 1383 vo·

231 1413 321 1497 lunt
339 1419 425 1497 Viri
453 1415 604 1523 Dooli)
634 1420 850 1523 cogitarent
872 1412 963 1522 haec
989 1412 1090 1506 duo,
1121 1433 1167 1493 ut
1192 1418 1295 1496 vires
1319 1413 1423 1494 fran-

233 1534 366 1640 gentia
392 1549 511 1634 atque
536 1532 779 1619 enervanda,
809 1532 1001 1637 praecipue
1027 1520 1097 1607 fibi
1121 1525 1305 1637 fugienda
1331 1521 1421 1610 elle.

292 1636 375 1721 Nisr
401 1636 576 1750 praestat,
606 1660 650 1720 ut
676 1638 873 1732 dicamne,
904 1635 1185 1721 Alexandrum
1211 1636 1419 1737 Severum,

236 1756 348 1855 cujus
365 1773 544 1863 tempore
561 1747 780 1839 verosimile
804 1746 1077 1863 estplerosque
1094 1743 1212 1833 hosce
1228 1754 1422 1838 Nummos

235 1890 327 1945 cum
352 1861 586 1948 Alexandri
612 1865 751 1976 Capite
777 1859 905 1958 culos,
927 1866 1117 1947 -Nummis
1142 1872 1280 1961 etiam,
1313 1863 1424 1974 quod
1487 1898 1489 1904 ⁸

233 1975 365 2059 dicere
389 1977 488 2090 saepe
513 2001 595 2060 erat
619 1976 782 2070 solitus,
814 2003 905 2066 corn
931 1975 1068 2059 robure
1095 1975 1268 2060 voluisse.
1292 1976 1425 2090 Legit
1476 1973 1479 1980 ’
1544 2053 1547 2061 a

229 2096 361 2189 enim,
391 2112 437 2173 ut
455 2097 496 2172 in
513 2095 606 2174 Vita
626 2096 708 2194 ejus
724 2088 880 2173 testatur
898 2004 1184 2198 lampridius,
1207 2097 1423 2200 Imperator

236 2200 375 2289 hic&
410 2202 552 2287 Vitam
574 2198 834 2296 Alexandri,
875 2202 1211 2312 quampraecipue
1236 2202 1424 2282 imitatus
1543 2192 1558 2212 ‘

91 2376 94 2380 -
235 2314 307 2423 est:
339 2313 417 2422 alst
426 2317 469 2398 ln
492 2343 532 2398 eo
550 2313 836 2399 condemnabat·
852 2313 1107 2410 ebrietatem,
1141 2313 1187 2402 ὃ,
1205 2313 1423 2396 crudelita-¹
1521 2360 1524 2366 ·

234 2445 315 2509 tem
335 2429 378 2511 in
396 2430 552 2511 amiras.
583 2438 629 2512 In
646 2430 840 2511 honorem
862 2455 957 2517 vero
977 2425 1423 2514 AlexandriNummos
1584 2503 1588 2512 .

226 2549 385 2654 percuti
402 2541 550 2644 juilrlle
567 2540 744 2653 locuples
770 2541 882 2622 idem
900 2539 954 2643 est
972 2539 1078 2623 testis
1093 2544 1192 2654 Cup.
1212 2571 1305 2626 xxv.
1324 2542 1422 2624 Ale·
1556 2595 1558 2598 ι

236 2651 389 2733 atandri
406 2651 556 2740 -lralitn
583 2652 774 2735 Nummos
789 2652 991 2767 plurimas
1007 2651 1240 2767 figuravit:
1272 2653 1423 2766 &qui-

237 2763 324 2846 dem
340 2767 527 2849 elelireas
543 2767 792 2877 aliquantus,
814 2764 894 2873 stul
906 2767 1106 2875 plurimos
1123 2780 1255 2850 lamen
1270 2795 1423 2854 aureas.

237 2881 329 2960 Scio
356 2876 402 2964 &
427 2888 513 2993 capi
537 2879 646 2994 polle
665 2879 714 2964 de
739 2875 854 2992 ipsius
877 2878 1023 2962 Severi
1056 2885 1256 2978 Numinis,
1286 2881 1424 2968 habitu

234 2990 470 3074 Alexandri
496 2994 560 3076 M.
602 2992 728 3078 leonis
754 2992 898 3075 scilicet
924 3001 1075 3078 exuviis
1104 3018 1242 3078 ornato
1272 3005 1423 3109 capite,
1487 3069 1490 3072 .
1600 3059 1606 3106 5

234 3125 279 3185 ut
304 3109 372 3187 iof.
402 3103 525 3188 Num.
547 3124 698 3217 xum.
726 3103 772 3192 &
797 3133 891 3189 xix.
921 3108 997 3192 Sed
1013 3130 1145 3191 tamen
1161 3107 1211 3192 δι’
1248 3106 1426 3220 lerosque

235 3242 285 3297 ex
303 3215 407 3300 hisce
426 3217 525 3306 nihil
542 3243 651 3305 vetat
667 3220 716 3304 ad
734 3221 901 3304 eundem
917 3225 1072 3318 referri,
1098 3220 1197 3305 'licet
1226 3236 1227 3239 ‘
1262 3224 1428 3331 u'm'ifma

97 3411 101 3419 .
224 3351 298 3412 Ἰν.
317 3358 406 3414 cum
416 3333 671 3447 Inscriptione
681 3333 830 3446 Magni
846 3332 950 3417 istius
966 3332 1180 3448 lignatum,
1212 3337 1260 3422 ad
1279 3335 1426 3420 Severi

223 3442 354 3528 ‚nostri
363 3447 506 3531 faciem
512 3446 745 3563 descriptum
762 3448 849 3534 sa'tis
860 3446 983 3536 multa
992 3449 1197 3536 ostendant
1215 3451 1427 3535 lineamen-

234 3576 287 3640 ta.
927 3603 932 3607 ·

292 3649 523 3777 Atquehaec
540 3672 590 3758 aa
607 3625 787 3760 Numm'ts
805 3626 1428 3787 interamnanam-pra

126 3852 130 3864 .
233 3776 1432 3988 ferentibusCaput,quiinPosticisalipmdpraeiemnt,qppplpo
1595 3953 1598 3956 .
