3316 4582
64 672 67 677 -
200 614 342 726 „illud
365 608 461 694 nobi

328 232 605 323 nrssrmno
632 262 686 317 on
711 232 897 319 Nonius
925 238 1245 321 Conronnmru.
1317 258 1395 338 127
1439 242 1444 247 ’

243 417 267 474 a
292 381 609 472 Confeffionibus
637 379 721 480 est,
744 437 745 440 κ
769 382 818 466 &,
841 391 924 488 ejus
953 413 1043 490 cura
1078 393 1217 468 lavana
1231 389 1395 470 Nummi

198 479 428 628 2Paristos
490 495 654 593 erlatum
689 493 743 576 est
778 496 827 579 ad
862 496 977 580 Erud.
1016 495 1298 607 Haeduinnnn,'
1323 507 1394 609 qui
1540 549 1542 592 3

462 525 578 703 ¹lcum:
592 635 665 721 pro
689 609 752 690 lua
786 611 1027 692 humanitate
1057 619 1389 696 communicavit:

201 778 229 825 ,‚
248 733 372 827 Porro
391 722 676 805 Nummus·hic
694 721 829 808 eadem
854 731 1017 806 omnino
1044 723 1099 804 est
1124 726 1394 835 magnitudine

202 877 230 923 a)
247 868 325 949 qua
342 834 544 934 coelatura.
598 838 643 914 H
675 834 888 921 draulicum
911 840 1116 950 Organum
1143 835 1208 916 hic
1234 835 1392 918 exhibe-

203 975 232 1020 ν’
250 960 282 1034 ri
299 952 496 1044 diximus,
526 863 785 1028 Hardainum
819 947 968 1054 secuti,
1003 956 1072 1057 qui
1098 971 1285 1061 praeterea
1308 977 1394 1033 mo-

204 1074 232 1117 ”
250 1071 356 1155 nuit,
372 1059 476 1158 idem
493 1060 540 1141 V
532 1059 719 1142 aillantio
735 1083 850 1142 antea
867 1069 908 1143 in
929 1085 1104 1145 mentem
1121 1059 1289 1144 venille:
1311 1062 1398 1145 aliis

206 1171 232 1246 3’
249 1200 384 1258 tamen·
399 1177 542 1256 Puteus
561 1173 637 1267 est,
667 1179 776 1277 cujus
793 1201 841 1256 os
864 1173 1046 1257 cancellis
1065 1173 1282 1257 circumseri
1310 1195 1396 1259 tum

204 1270 233 1412 3}
249 1289 329 1387 est,
359 1293 401 1368 in
413 1283 617 1412 publicum
632 1283 739 1369 usum
757 1287 966 1413 adornatus
984 1289 1138 1388 Roma,
1151 1284 1256 1392 jullu
1318 1287 1396 1368 lac.

205 1397 1400 1627 adipali”illinisiiillllliiiiiiiiiiiii

209 1627 276 1708 est.
309 1687 336 1717 „
357 1622 460 1704 DN.
496 1626 611 1705 FLA.
648 1627 1098 1708 VALENTINIANVS
1129 1629 1232 1706 SPE.
1264 1629 1396 1709 Avo.

208 1737 391 1848 „Caput
417 1732 602 1816 Placidii
629 1735 931 1843 Valentiniani,
958 1737 1143 1850 peculiari
1166 1737 1400 1820 Diademate

208 1887 237 1930 υ
254 1850 449 1938 cimbam,
478 1847 526 1931 ad
549 1850 686 1961 peetus
711 1878 801 1932 cum
824 1850 951 1952 stola,
1000 1859 1041 1931 in
1075 1879 1161 1933 area
1188 1879 1210 1932 a
1237 1847 1398 1934 finistris

209 1959 399 2044 ”Palmae
417 1965 578 2043 Ramus.
607 1968 648 2042 in
675 1962 846 2057 Aversa,
886 1965 1102 2045 PLACEA
1140 1969 1181 2045 S..
1217 1964 1399 2045 PETRI.

210 2082 238 2126 ”
258 2070 546 2184 Hydraulicum
564 2076 790 2184 Organum,
809 2082 852 2157 in
871 2081 981 2179 cujus
1003 2074 1118 2157 usum
1137 2101 1278 2184 aquam
1302 2073 1397 2157 hau·

211 2378 239 2419 ‚‚
257 2305 386 2382 minus
412 2299 633 2399 Radiatus,
669 2296 749 2386 five
778 2300 989 2387 Terminus
1022 2284 1125 2384 cunr*
1138 2297 1249 2383 Solis
1270 2305 1402 2414 capite

212 2475 240 2518 „
258 2407 336 2494 basi
362 2407 547 2494 insistens.
576 2471 604 2514 ,‚
669 2466 672 2471 ·
1020 2465 1022 2470 -
1234 2414 1265 2447 ³
1296 2437 1304 2463 ²
1383 2463 1384 2466 κ

272 2529 319 2604 In
337 2525 465 2606 Prima
492 2528 606 2607 Parte
632 2523 920 2611 considerandae
944 2533 1116 2612 veniunt
1141 2523 1266 2609 literae
1293 2527 1408 2612 SPE..

215 2663 304 2743 quae
322 2632 393 2717 nisi
410 2633 511 2739 male
528 2662 704 2748 exceptae
722 2663 788 2722 aut
806 2637 963 2752 signate
982 2637 1059 2724 lint
1069 2664 1140 2754 pro
1158 2630 1345 2730 consueto
1354 2632 1401 2722 P.

216 2752 246 2852 F
249 2813 257 2829 .
268 2775 377 2856 novo
388 2746 529 2830 Titulo
559 2753 938 2844 SPECTABILEM
965 2750 1405 2868 defignantAugnstum

274 2860 533 2944 Posteriorem
549 2890 645 2948 vero
670 2887 822 2977 partem
846 2894 965 2953 nemo
994 2869 1135 2952 melius
1166 2864 1403 2981 explicabit,

217 2999 336 3082 quam
360 2975 436 3088 ipse
452 2975 698 3075 Vitruvius,
730 2986 839 3083 cujus
856 2989 1051 3094 integrum
1066 2985 1331 3093 Caputxm'.
1352 3003 1403 3060 ex

214 3085 337 3171 Libro
353 3117 393 3179 x.
408 3085 620 3174 adscribere
636 3118 724 3172 non·
737 3090 910 3178 dubitavi
921 3099 945 3187 ,·‘
963 3100 1152 3203 qnoniam
1166 3089 1290 3174 multa
1305 3089 1405 3176 scitu

215 3199 335 3313 digna
351 3207 552 3298 continet,
583 3201 629 3287 dc
646 3201 870 3297 admirabile
895 3209 956 3290 Or
1030 3235 1099 3289 um
1115 3204 1196 3289 hoc
1215 3205 1407 3318 Hydrau·

215 3311 336 3397 licum
352 3311 532 3401 describit
548 3322 685 3411 unice,
700 3336 703 3343 ’
716 3323 902 3402 notitiam
915 3232 1200 3405 ffiffimilbrans
1215 3320 1298 3404 non
1313 3341 1403 3399 ‘tan-

216 3425 507 3526 tumidorum,
539 3457 629 3540 quae
661 3436 703 3513 in
730 3427 870 3523 oculos
897 3439 1121 3532 incurrunt,
1151 3432 1218 3517 sed
1239 3430 1286 3514 δι
1310 3438 1405 3535 quae

216 3546 324 3622 intus
348 3548 391 3624 in
424 3540 587 3627 mirabili
614 3542 695 3627 hoc
721 3544 984 3632 instrumento
1009 3553 1273 3632 continentur.
1303 3543 1403 3648 Ver·

218 3647 269 3733 ba
302 3656 384 3753 ejus
438 3656 569 3742 uidem
596 3656 683 3755 haec
706 3652 813 3741 sunt:
843 3659 918 3742 De
941 3653 1211 3768 Hydranlicni
1235 3667 1403 3750 antem,
1539 3660 1545 3752 J

221 3787 324 3878 quas
355 3681 527 3871 badoniae
545 3767 898 3868 ratiocinationes,
925 3797 1043 3883 qnam
1067 3763 1289 3880 brevffm
1301 3785 1405 3895 prof

1343 3907 1414 3964 xt-

133 2298 136 2304 ,
211 2180 362 2322 ζῐίιιηῑ
385 2185 548 2269 ministri
565 2186 644 2269 duo
664 2187 759 2269 hinc
786 2187 876 2271 inde
892 2187 1056 2271 stantes:
1087 2182 1396 2269 afinistrisTer-
1462 2293 1464 2297 Ι
1605 2213 1607 2219 ’
