3314 4582
175 295 221 325 „
318 231 594 318 Drssaurnrto
623 230 868 311 na‘Nummts
899 229 1218 312 Couronutnrts.
1322 252 1376 338 97

176 388 290 502 'quid
305 390 415 500 quod
430 389 477 471 ad
496 389 704 470 Terrarum
721 396 911 500 pertineat
929 385 1103 470 Globum
1119 386 1366 500 conspicitur,

178 526 319 586 uttota
330 511 370 584 in
388 497 753 612 {eruatSymbolica
771 501 1133 612 ista’Interpretatio
1153 501 1369 587 Obscurum

37 612 64 641 ''
182 616 280 698 mihi
304 621 430 697 fateor
457 612 532 696 eise
558 619 748 724 AEnigtna.
805 614 879 693 Ne
896 634 1028 695 tamen
1061 610 1160 693 nihil
1187 611 1365 712 afferam,
1444 640 1446 645 ⁴

181 727 310 810 dicam
328 729 368 811 id
384 728 493 837 quod
511 734 553 808 in
569 746 743 807 mentem
760 733 880 809 venit.
937 723 1174 808 AErernitas
1199 726 1367 838 Augusti

181 841 279 951 saepe
296 847 339 923 in
356 839 549 948 Trajani,
579 847 701 948 atque-
715 837 922 950 Hadriani
941 833 1240 921 Numismatibus
1248 844 1367 948 Sym·
1455 936 1459 943 ‚

182 951 278 1035 bolo
296 953 401 1034 Solis
418 951 464 1036 dc
477 951 609 1065 Lunae
638 959 774 1034 venire
795 949 953 1046 solent,
1003 949 1070 1033 ubi
1095 948 1281 1032 Mulibris
1308 957 1367 1032 Fi·

56 1059 61 1069 ’
181 1093 275 1177 gura
289 1090 451 1176 utraque
467 1094 585 1150 manu
602 1066 740 1176 Capi-ta
763 1063 905 1176 gestat,
945 1059 1064 1146 altera
1082 1062 1208 1158 Solis,
1238 1061 1368 1146 Lunae

134 1176 166 1207 '²
182 1178 312 1261 altera.
369 1172 642 1262 AEterni'tatem
667 1174 799 1285 itaque
813 1177 986 1258 Romani
1014 1182 1166 1286 Imperii
1192 1174 1367 1281 Lybicur

34 1377 39 1385 ,
182 1289 248 1371 ille
263 1297 371 1375 Deus
386 1299 616 1403 promittere
634 1287 680 1370 dc
697 1285 802 1396 quasr
820 1318 938 1372 manu
963 1287 1172 1372 monstrare
1198 1290 1361 1372 videtur.

136 1421 139 1426 ’
182 1407 319 1515 Figura
343 1425 487 1484 armata
513 1400 569 1482 &·
585 1399 784 1481 Palladis·
802 1402 901 1496 dici,
932 1400 978 1484 &
1005 1397 1119 1514 ip‘stus
1144 1400 1276 1483 Ram
1294 1431 1365 1514 po-

41 1554 44 1563 ·
178 1516 263 1596 test.
311 1521 408 1599 Deae
427 1513 634 1593 Minerva
650 1510 799 1595 bellicis
825 1511 1053 1622 acquisitum
1079 1512 1222 1596 artibus
1240 1522 1364 1627 Impe-

154 1636 283 1708 rium
298 1690 312 1718 .,
345 1618 476 1708 iisdem
500 1625 766 1718 conservatur,
798 1653 906 1719 nam,
939 1644 984 1708 ut
1016 1626 1070 1707 ait
1089 1616 1298 1730 Sallustius
1324 1636 1365 1711 in

182 1737 291 1818 Bell.
312 1737 478 1820 catilin.
509 1766 590 1849 cap.
622 1765 679 1817 11.
704 1758 707 1764 ·
728 1734 961 1846 'Imperium'
969 1735 1099 1846 facila
1124 1739 1179 1824 iis
1206 1740 1364 1821 artibus

183 1850 407 1944 retinetur,
439 1843 581 1962 quibat
598 1850 716 1930 initio
726 1867 895 1959 partum
912 1849 973 1957 est.
1003 1857 1043 1933 Si
1060 1877 1104 1931 ea
1121 1852 1256 1934 Romae
1271 1861 1364 1934 ima·
1507 1922 1509 1929 .
1570 1864 1578 1875 '

181 1992 233 2076 go
253 1966 326 2059 eit,
357 1963 511 2046 tama&
525 1962 701 2076 splendor
721 1969 914 2055 innuitur,
936 1991 1023 2072 quae
1047 1990 1114 2074 pet
1134 1987 1283 2057 totum,
1297 1974 1363 2072 qui

145 2091 149 2104 '
180 2073 249 2157 iub
267 2074 374 2159 Coeli
393 2103 465 2158 axe
483 2076 557 2170 est,
591 2077 801 2157 Terrarum
820 2073 969 2156 Orbem
985 2072 1061 2154 late
1085 2071 1149 2155 sub
1167 2073 1208 2155 T
1200 2074 1360 2182 rojana,

145 2234 153 2249 ·
182 2190 360 2300 Principe
371 2184 687 2274 'vidioriosrffimo
700 2253 709 2282 ‚
721 2186 836 2299 sparsa
853 2210 970 2296 atque
988 2182 1225 2269 disseminata
1242 2187 1307 2268 est.

238 2301 458 2393 Zodiaaum
484 2310 524 2383 in
550 2299 682 2384 multis
700 2305 877 2382 Geminis
893 2296 1155 2383 Annularibus
1171 2299 1363 2412 sculptum

182 2413 314 2495 videre
335 2415 388 2496 est
405 2416 505 2526 apud
523 2414 741 2508 Grumum,
773 2414 893 2494 Tom.
916 2441 973 2493 11.
1003 2415 1119 2493 Num.
1150 2440 1238 2518 144.
1268 2440 1361 2517 423.

184 2553 277 2628 432.
306 2554 397 2629 433.
426 2556 519 2630 494.
577 2530 723 2615 Verum
749 2533 942 2636 magicum
976 2532 1017 2604 in
1048 2520 1154 2605 usum
1187 2524 1363 2606 inservio

141 2655 143 2659 ’
180 2659 295 2727 runt,
327 2636 372 2718 &
400 2640 448 2719 ad
467 2633 664 2742 Gnosticor'
689 2634 900 2746 fimileique
926 2658 1132 2750 nugatores
1157 2634 1362 2750 sculpturae
1399 2713 1400 2716 a

182 2747 246 2827 hae
263 2749 473 2831 referendae
499 2750 595 2829 sunt.
653 2752 825 2861 Apparet
848 2769 979 2830 tamen
1004 2749 1048 2832 &
1075 2757 1115 2830 in
1133 2752 1362 2832 Graecorum

184 2859 425 2966 quorundam
446 2864 631 2942 'Nummio
657 2861 821 2964 ejusdem
836 2861 1006 2943 Zadiaci
1031 2861 1264 2976 descriptio..
1304 2870 1362 2945 Ita

183 2978 224 3052 in
252 2975 423 3054 Nummo
441 2971 572 3079 Juliae
600 2973 768 3080 Maste,
799 2972 846 3055 ab
871 2973 1139 3083 Amastrianis
1161 2971 1358 3086 percusso,

182 3083 227 3166 δι
245 3084 402 3196 ἀερίᾶο
422 3115 443 3167 a
462 3087 614 3167 Patina
631 3093 671 3168 in
694 3087 990 3169 Introduuione
1014 3084 1072 3166 ad
1091 3085 1239 3193 Histor.
1271 3089 1359 3169 Nu·-

181 3196 305 3302 mism.
337 3201 429 3310 Cap.
449 3228 567 3292 xvn,
588 3220 716 3279 toturn
727 3202 886 3282 Nummi
904 3198 1090 3281 circulum
1104 3198 1277 3284 coelestis
1295 3200 1360 3283 illa

183 3338 285 3390 zona
303 3311 510 3395 duodecim
526 3309 721 3425 signorum
740 3308 880 3406 ambit,
906 3320 1025 3422 inque
1043 3313 1173 3396 medio
1191 3324 1272 3420 ejus
1287 3313 1360 3394 stat

183 3421 314 3527 Maessa
340 3452 428 3506 cum
453 3448 598 3535 nepote
622 3421 805 3532 Caesszre,
838 3450 1021 3535 tanquam
1046 3425 1117 3508 Sol
1136 3428 1181 3510 &
1214 3427 1354 3516 Luna,

182 3530 356 3617 lucentes
377 3536 475 3619 Orbi
493 3538 676 3620 Romano.
733 3545 877 3621 Pariter
903 3539 1211 3653 Superbiffimum
1237 3555 1359 3644 nepo·

181 3649 215 3718 ti
233 3643 401 3729 mulieris
419 3649 585 3748 equdern
603 3649 836 3731 Alexandro
864 3650 1011 3730 Severo
1037 3653 1247 3732 Nummum
1270 3673 1358 3765 per·

185 3748 378 3836 cufferunt
408 3758 649 3854 Perinthii,
679 3769 721 3841 in
745 3790 833 3869 quo·
852 3769 952 3844 intra
975 3756 1145 3841 Zodiaci
1172 3756 1359 3842 ambitum

1012 3872 1051 3951 N
1286 3878 1363 3956 lm·

943 4062 968 4119 ξι,
