3316 4582
333 238 612 322 Drssuurxrro
641 261 695 317 me
723 233 899 317 Nunnus
930 225 1256 317 Coxrounrxrrs.
1325 263 1397 336 113

192 384 332 498 pridii
359 389 453 497 Cap.
482 410 575 466 xxv.
633 384 964 465 ALEXANDRI
1001 384 1215 465 HABITU
1245 385 1397 470 NUM-

205 504 325 583 MOS
363 498 653 582 PLURIMOS
679 492 914 607 figuravit:
944 493 986 580 ὅ
1023 493 1179 605 quidem
1213 495 1401 584 ELEC-
1480 492 1481 504 Ν

205 610 399 695 TREOS
425 608 673 719 aliquantos,
684 606 971 718 st’dplnrimos
988 624 1119 688 tamen
1139 632 1290 692 aurens.
1310 641 1394 695 non

205 723 432 836 accipienda
457 720 506 804 de
524 720 603 832 ipso
624 727 882 832 Imperatore,
913 743 958 803 ut
979 728 1020 802 in
1039 723 1212 804 Nummo
1233 722 1391 818 nostre,

205 834 342 918 habitu
367 831 601 918 Alexandri
618 833 765 945 Magni
792 830 958 929 effidio,
990 861 1126 917 verum
1151 829 1267 946 ipsius
1294 835 1394 916 An-

170 1033 173 1039 ,
206 946 358 1030 nandri
368 943 600 1042 Macedonis
615 947 727 1031 vultu
743 944 935 1059 insignitis
950 949 1151 1040 Nummis,
1171 973 1272 1055 quos
1291 947 1396 1054 idem

206 1059 311 1171 quafi
326 1069 381 1143 ita
396 1059 583 1155 restituit,
613 1083 731 1171 prout
747 1058 891 1141 infiniti
907 1061 1068 1142 Nummi
1086 1057 1255 1170 Augusti
1275 1123 1286 1153 ,
1317 1061 1395 1142 Ve-

195 1171 393 1282 spastnni,
412 1172 703 1255 Antoninorum
720 1171 799 1257 &e
829 1169 875 1254 ab
892 1170 976 1254 aliis
992 1168 1293 1284 Imperatoribus
1309 1171 1396 1257 sunt

203 1286 379 1369 restituti.

260 1401 371 1481 Prir'n
389 1424 475 1509 pars
492 1399 606 1500 hujus
621 1399 781 1479 Nummi
798 1405 920 1509 petita
936 1395 991 1480 est
1015 1425 1066 1481 ex
1083 1396 1281 1511 Angelnno
1307 1428 1394 1514 pag„

203 1542 230 1593 2
238 1540 300 1609 30.
317 1511 376 1592 *N
380 1540 457 1591 um.
477 1540 515 1615 4.
545 1537 636 1591 nam
653 1509 825 1590 Erizzo
842 1509 947 1592 illam
972 1540 1055 1593 non
1079 1511 1266 1625 protulit,
1298 1515 1393 1596 licet

204 1646 356 1735 partem
381 1621 634 1733 posteriorem
659 1630 801 1734 pariter
835 1621 1059 1735 expresserit
1094 1651 1178 1738 pag.
1196 1624 1290 1732 483.
1320 1635 1393 1708 im·

203 1731 368 1848 prellam
393 1734 497 1817 idem
526 1762 551 1815 e
579 1742 755 1847 regione,
773 1743 852 1817 oris
879 1736 1051 1821 Palmam
1074 1736 1194 1832 dicit3
1224 1761 1274 1827 at,
1292 1741 1393 1851 apud

203 1847 451 1957 Angelnnnm
475 1848 570 1955 quid
586 1844 691 1955 quasr
717 1847 860 1959 duplex
879 1849 937 1930 Z..
956 1849 1195 1961 implicatum
1221 1858 1393 1935 invicem

201 1983 416 2071 comparet.
474 1963 574 2042 Puto
592 1958 787 2071 duplicem
805 1959 973 2072 palmam
988 1958 1216 2066 decussatim
1241 1963 1391 2073 expres·
1531 2064 1532 2067 p

200 2072 280 2155 sam
296 2069 430 2177 fenile,
452 2099 543 2156 nam
562 2075 711 2155 Notam
729 2073 831 2154 hanc
849 2081 892 2153 in
910 2071 994 2155 aliis
1014 2068 1393 2167 fimilibusnondum

191 2186 471 2271 ¹animadverti.

260 2300 420 2393 Circus,
451 2305 519 2407 qui
533 2303 617 2401 jam
632 2293 767 2408 saepius
785 2303 826 2378 in
843 2293 926 2378 aliis
948 2293 1149 2380 ‘exhibitus
1175 2299 1251 2380 fuit
1267 2290 1390 2382 Num·

202 2414 297 2503 mis,
319 2419 437 2493 etiam
452 2417 494 2491 in
511 2408 643 2492 nostro
660 2410 740 2491 hoc
757 2432 922 2522 apparet.
981 2414 1120 2519 Neque
1138 2411 1217 2493 hoc
1231 2417 1388 2506 mirum,

204 2549 295 2603 nam
313 2520 358 2605 &
370 2522 643 2634 -Agonothetae
661 2550 802 2604 munus
820 2516 955 2604 obiille
986 2532 1027 2607 in
1044 2524 1165 2606 Ludis
1183 2524 1392 2606 Graecnni·

201 2632 265 2711 cir
285 2634 403 2715 docet
422 2633 686 2742 Lampridius
704 2641 745 2716 in
764 2643 846 2737 ejus
862 2635 907 2716 V
902 2637 964 2716 na
992 2640 1049 2719 Ca
1079 2703 1086 2717 .
1106 2666 1227 2721 xxxv.
1256 2636 1390 2749 Agoni

192 2745 413 2852 praesedit,
446 2745 487 2833 &¹
504 2747 676 2827 maxime
709 2747 765 2853 H
765 2746 809 2827 E
816 2747 858 2829 R
869 2746 905 2846 C
909 2745 1004 2831 vL
1066 2749 1102 2831 0
1128 2749 1174 2830 in
1208 2747 1390 2832 honorem

200 2856 446 2939 MAGNI
470 2857 926 2943 ALEXANDRI.
1005 2950 1010 2956 ,

258 2968 455 3052 Herculis
470 2979 601 3081 itaque
619 2979 661 3055 in
676 2993 847 3068 morem,
869 2995 986 3081 quem
1003 2960 1144 3074 &rut
1160 2983 1313 3086 generis
1333 2976 1389 3060 sui

201 3084 403 3177 audiorem
419 3081 569 3169 secutus
583 3082 644 3166 est
662 3083 921 3181 Alexander,
952 3091 1100 3168 Leonis
1119 3093 1268 3171 exuviis
1286 3114 1388 3196 ‚quoe

196 3222 281 3304 ,que
299 3195 364 3279 hic
382 3201 566 3311 Princeps
584 3218 763 3290 ornatur,
796 3203 906 3299 cujus
924 3201 1018 3281 Oris
1045 3190 1197 3291 habitus
1214 3200 1386 3312 agnosci

199 3328 262 3390 tur
272 3314 388 3411 Juxta
405 3308 573 3414 ejusdem
589 3301 798 3416 Lampidir'
813 3301 1218 3426 delineationem‘Cap.
1233 3342 1293 3398 1v.
1322 3313 1387 3393 Er

196 3437 291 3502 erat
306 3425 587 3506 CORPORIS
605 3423 942 3506 VENUSTATE
959 3428 1243 3518 DECORUS‚
1264 3419 1386 3501 utho·

199 3528 341 3642 dieqne
365 3535 407 3615 in
434 3533 517 3617 Pl
521 3532 604 3619 CT
605 3531 651 3617 U
662 3533 704 3616 R
711 3533 743 3616 I
747 3533 781 3617 S
807 3533 850 3622 ὅ
874 3537 918 3619 in
934 3529 1087 3643 statuis
1108 3527 1311 3615 videmur.
1341 3529 1388 3617 &

82 3740 85 3745 Ι
198 3643 316 3834 paulo
333 3646 441 3757 post:
471 3663 563 3727 erat
577 3661 785 3758 praeteren
811 3651 966 3731 canitis
992 3645 1211 3731 hominibus
1237 3643 1386 3726 amabi-

217 3779 266 3834 tr.

848 3869 879 3952 P
1273 3887 1393 3964 Nuu-
