3316 4582
303 220 581 339 Durnium
610 240 662 295 nn
691 213 867 298 Nunnio
897 217 1222 298 Contonutrms.
1324 228 1350 311 5
1354 235 1371 305 3
1451 199 1452 202 Ὺ

196 372 314 456 Unde
331 370 414 453 non
422 377 576 462 mirum,
588 361 752 448 amabile
770 364 936 468 ejusdem
953 394 1099 448 nomen
1119 368 1221 481 apud
1230 364 1375 448 Orien·
1427 452 1435 472 N

195 487 254 567 tis
274 481 384 568 fuisse
402 480 594 592 Populos,
615 485 689 571 ita,
708 499 753 559 ut
769 475 1119 559 tradatSuetonius
1140 485 1232 592 Cap.
1256 508 1373 563 nvn.v

195 597 417 708 Vologesen
435 593 578 687 ctiam,
611 589 840 672 Parthorum
865 590 1032 702 Regem,
1052 591 1170 695 miffis
1187 589 1244 672 ad
1255 591 1374 673 Sena·

198 727 282 792 tum
310 706 508 817 Legatis,
539 703 586 785 do
615 699 869 809 instauranda
894 702 1120 808 stccietate,
1153 701 1221 783 hoc
1254 706 1376 784 etiam

197 836 429 932 magnopere
445 822 586 920 craffe‚
603 831 650 895 nt
667 817 836 896 Neronis
852 815 1036 895 memoria
1056 817 1263 897 coleretur.
1294 818 1376 897 Ad-

200 935 259 1016 dit
276 925 393 1015 moxj
421 930 538 1012 Deni
566 955 614 1008 nc
639 953 758 1037 quum
774 923 862 1036 post
887 928 1040 1039 viginti
1066 955 1217 1023 annos,
1249 926 1378 1007 adole-

93 1116 98 1125 .
191 1049 440 1154 scentcme,
472 957 680 1149 cussitiffet
696 1037 930 1120 conditionis
947 1041 1133 1135 incerte,
1154 1041 1224 1152 qai
1234 1043 1281 1148 ste
1299 1042 1378 1121 Ne·

201 1184 337 1240 ronem
355 1155 639 1263 efflejuci‘aret,
671 1149 1005 1257 tamfuvorabile
1018 1180 1151 1236 nomen
1170 1152 1258 1262 ejas
1274 1150 1385 1263 apud

202 1272 364 1354 Parthos
372 1269 488 1377 fuit,
519 1284 566 1348 ut
583 1263 836 1347 vehementer
853 1262 1050 1374 adjutus,
1087 1265 1129 1353 sn
1148 1267 1227 1347 uix
1247 1262 1379 1380 reddi-

174 1403 269 1466 =tns
280 1380 353 1488 stt
907 1397 912 1402 “
1244 1394 1248 1402 ’

166 1589 170 1605 ι
258 1500 363 1604 Quae
382 1523 502 1603 quum
519 1489 682 1587 insint,
713 1493 933 1607 Vatagestssa
950 1498 1101 1608 Regem
1128 1491 1384 1576 Parthorum

201 1616 334 1719 potius
352 1606 537 1718 defignari
555 1614 642 1715 quis
660 1608 870 1701 existimet,
901 1635 1029 1716 neque
1045 1615 1150 1691 enim
1176 1617 1208 1690 is
1226 1616 1380 1689 tantum

203 1717 399 1801 horribilis
415 1719 459 1803 &
474 1716 766 1813 formidolosus,
798 1732 959 1829 paeanii,
984 1744 1029 1802 ut
1062 1728 1117 1800 ait
1141 1719 1386 1828 Xiobilinur

203 1860 288 1944 pag.
311 1829 399 1916 181.
455 1830 644 1912 Romanis
662 1832 781 1914 hostis
797 1837 890 1927 fuit,
921 1830 984 1914 sed
1001 1840 1118 1913 etiam
1134 1833 1219 1945 pust
1231 1899 1241 1927 ‚
1253 1831 1380 1935 foede-

203 1953 340 2048 tejam
356 1943 503 2026 sancito
516 1947 780 2057 ,praefraeium
798 1943 842 2027 &
867 1943 1099 2027 obstinatum
1116 1945 1284 2027 ostendit
1301 1951 1384 2024 ani-

204 2086 341 2151 mum,
388 2057 523 2168 saepius
550 2063 682 2150 enim,
729 2063 932 2168 pariterut
950 2053 1186 2150 Tiridates,
1224 2050 1384 2136 accersi·
1436 2115 1440 2124 ,

61 2187 65 2193 ’
204 2194 288 2264 rus,
319 2177 453 2252 venire
470 2169 519 2253 ad
536 2168 736 2249 Neronem
753 2167 900 2262 noluit,
933 2166 1088 2250 infestus
1107 2168 1163 2249 illi
1187 2168 1236 2250 ad
1253 2189 1380 2249 extre-

206 2311 336 2376 mum,
368 2307 485 2392 atque
503 2280 606 2395 asper
622 2280 771 2393 scriptis
797 2279 897 2374 suis,
928 2303 973 2362 ut
1000 2280 1118 2363 docet
1144 2277 1390 2391 Xiphilinur
1449 2370 1452 2376 ⁴
1500 2320 1502 2323 ·

207 2396 312 2476 idem
329 2421 414 2507 pag.
447 2394 532 2495 187.
592 2394 668 2476 Sed
695 2401 815 2475 tutius
840 2392 1084 2487 existimare,
1124 2420 1205 2476 non
1232 2391 1406 2476 vultum·

208 2512 330 2617 Regis
347 2509 576 2599 alterutrius,
591 2507 637 2586 V
630 2504 782 2616 ologeſsr
799 2529 864 2587 aut
873 2502 1095 2600 Tiridatis,
1109 2503 1324 2617 expressum
1343 2514 1386 2588 in

209 2621 382 2699 Nummo
402 2618 501 2709 hoc,
532 2619 596 2701 sed
615 2626 654 2697 in
672 2644 813 2729 genere
831 2615 1058 2713 Parthum,
1091 2647 1208 2746 quam
1226 2641 1389 2732 gentem·

209 2737 340 2840 magni
359 2727 566 2812 aestimabat
582 2726 758 2840 repulisse
772 2730 1007 2812 Armeniam
1023 2732 1295 2825 invadentem,
1327 2755 1387 2812 at·
1480 2778 1482 2782 ⁴

210 2843 287 2950 que
305 2837 470 2952 coegisse
484 2870 552 2954 per
570 2841 843 2937 Corbulonem,
873 2867 918 2926 ut
933 2840 1084 2926 obfides
1102 2844 1211 2926 daret
1227 2844 1391 2951 nobilifi

197 2951 318 3059 stmos
334 2981 386 3034 ex
394 2955 563 3059 familia
579 2953 889 3062 Arsacidarum,
920 2978 1036 3070 prout
1054 2956 1210 3039 testatur
1228 2958 1392 3043 Tacitus

98 3082 101 3086 ‘
207 3065 332 3150 Libro
357 3067 506 3150 Annal.
535 3096 651 3151 x111.
679 3071 773 3181 Cap.
804 3097 865 3150 tx.
891 3068 1159 3178 foedusque&
1177 3075 1393 3172 amicitiam

209 3179 473 3262 Romanorum
494 3204 705 3294 expeteret.
1179 3203 1182 3206 ’
1390 3194 1394 3200 ’

269 3294 479 3376 Sedentem
506 3299 682 3408 Figuram
707 3287 756 3378 de
771 3292 922 3403 Jndaea
947 3305 1088 3411 capio,
1120 3327 1208 3409 quae
1243 3305 1394 3378 irritata

210 3404 330 3511 Geffii
347 3405 464 3488 Flori
488 3405 751 3504 facinoribus,
782 3437 899 3522 grave
927 3406 1074 3495 bellum
1098 3435 1215 3522 atque
1241 3410 1393 3490 diutur-

209 3546 305 3599 num
332 3519 524 3602 Romanis
548 3529 706 3617 movit,
736 3521 850 3606 misso
878 3553 900 3606 a
924 3522 1094 3606 Nerone
1123 3552 1213 3605 cum
1241 3519 1395 3625 ingenti

213 3638 385 3712 exercitu
394 3633 545 3714 Flavio
561 3634 608 3714 V
601 3635 793 3742 espnstano
804 3669 818 3714 .·
842 3643 1129 3720 necimmerito
1149 3631 1214 3711 illa
1233 3629 1297 3709 hic
1315 3625 1394 3709 fin*
1518 3693 1521 3697 .

213 3744 314 3852 gitur
320 3739 483 3844 fideus,
517 3768 702 3855 tanquam
719 3745 913 3860 debellata
926 3746 978 3829 ab.
991 3747 1132 3940 gadem
1147 3741 1198 3827 &⁴
1209 3737 1399 3938 prggsrdiiu

259 3931 268 3938 ἰ
717 3915 722 3924 -
1064 3884 1081 3952 3
1292 3879 1397 3935 oma-
